Date,Time,Symbol,Quantity,Price,Side
07/01/2022,18:31:11,META,250,158.61,Buy
07/01/2022,18:31:11,MSFT,250,257.99,Buy
07/01/2022,18:31:11,AMZN,250,108.83,Buy
07/01/2022,18:32:11,GOOG,250,2167.69,Sell
07/01/2022,18:33:11,AAPL,250,138.08,Buy
07/01/2022,18:33:11,TSLA,250,673.74,Buy
07/01/2022,18:34:11,GOOG,250,2167.60,Buy
07/01/2022,18:34:11,GOOG,250,2169.00,Sell
07/01/2022,18:34:11,MSFT,250,258.10,Buy
07/01/2022,18:35:11,GOOG,250,2168.70,Buy
07/01/2022,18:35:11,TSLA,250,674.33,Sell
07/01/2022,18:36:11,AMD,250,73.82,Sell
07/01/2022,18:36:11,TSLA,250,674.08,Buy
07/01/2022,18:36:11,AAPL,250,138.16,Sell
07/01/2022,18:36:11,MSFT,250,258.18,Sell
07/01/2022,18:37:11,AMD,250,73.80,Buy
07/01/2022,18:38:11,GOOG,250,2165.42,Sell
07/01/2022,18:38:11,MSFT,250,257.97,Buy
07/01/2022,18:38:11,AAPL,250,138.10,Buy
07/01/2022,18:40:11,META,250,159.08,Sell
07/01/2022,18:40:11,AMZN,250,109.26,Sell
07/01/2022,18:41:11,META,250,159.11,Buy
07/01/2022,18:41:11,META,250,159.14,Sell
07/01/2022,18:41:11,AMZN,250,109.16,Buy
07/01/2022,18:41:11,AMZN,250,109.18,Sell
07/01/2022,18:41:11,AMD,250,73.92,Sell
07/01/2022,18:41:11,TSLA,250,673.64,Sell
07/01/2022,18:42:11,AMD,250,73.91,Sell
07/01/2022,18:43:10,GOOG,250,2163.90,Buy
07/01/2022,18:43:11,AMZN,250,109.18,Buy
07/01/2022,18:43:11,TSLA,250,673.41,Buy
07/01/2022,18:44:11,AMD,250,73.93,Buy
07/01/2022,18:46:11,MSFT,250,258.52,Sell
07/01/2022,18:46:11,META,250,159.45,Buy
07/01/2022,18:46:11,META,250,159.48,Sell
07/01/2022,18:46:11,AMZN,250,109.25,Sell
07/01/2022,18:46:11,AAPL,250,138.25,Sell
07/01/2022,18:48:11,AAPL,250,138.35,Buy
07/01/2022,18:48:11,AAPL,250,138.36,Sell
07/01/2022,18:48:11,TSLA,250,673.90,Sell
07/01/2022,18:48:11,AMD,250,74.05,Buy
07/01/2022,18:48:11,MSFT,250,258.52,Buy
07/01/2022,18:49:07,GOOG,250,2168.46,Sell
07/01/2022,18:49:11,META,250,159.37,Buy
07/01/2022,18:49:11,TSLA,250,674.34,Buy
07/01/2022,18:49:11,MSFT,250,258.78,Sell
07/01/2022,18:50:10,GOOG,250,2166.95,Sell
07/01/2022,18:50:11,MSFT,250,258.75,Buy
07/01/2022,18:50:11,AMZN,250,109.25,Buy
07/01/2022,18:50:11,AAPL,250,138.50,Buy
07/01/2022,18:51:11,GOOG,250,2163.58,Buy
07/01/2022,18:51:11,TSLA,250,674.94,Sell
07/01/2022,18:52:09,GOOG,250,2164.04,Buy
07/01/2022,18:52:11,AMD,250,74.11,Sell
07/01/2022,18:53:11,AAPL,250,138.32,Sell
07/01/2022,18:53:11,MSFT,250,258.61,Sell
07/01/2022,18:54:11,AMD,250,74.05,Buy
07/01/2022,18:56:11,AMZN,250,109.01,Sell
07/01/2022,18:56:11,META,250,158.99,Sell
07/01/2022,18:57:11,AAPL,250,138.37,Buy
07/01/2022,18:58:11,TSLA,250,674.52,Sell
07/01/2022,18:58:11,GOOG,250,2166.99,Sell
07/01/2022,18:58:11,AMZN,250,109.19,Sell
07/01/2022,18:59:11,GOOG,250,2165.25,Buy
07/01/2022,18:59:11,TSLA,250,674.16,Buy
07/01/2022,18:59:11,META,250,159.29,Buy
07/01/2022,18:59:11,AMD,250,74.12,Sell
07/01/2022,18:59:11,AMZN,250,109.13,Buy
07/01/2022,19:00:11,MSFT,250,258.66,Buy
07/01/2022,19:00:11,TSLA,250,673.89,Buy
07/01/2022,19:00:11,AMZN,250,109.14,Buy
07/01/2022,19:01:11,META,250,159.26,Sell
07/01/2022,19:02:11,META,250,159.22,Buy
07/01/2022,19:03:11,AMD,250,73.81,Sell
07/01/2022,19:03:11,AAPL,250,138.09,Sell
07/01/2022,19:03:11,MSFT,250,258.34,Sell
07/01/2022,19:04:11,META,250,158.81,Sell
07/01/2022,19:04:11,TSLA,250,671.72,Sell
07/01/2022,19:05:11,AAPL,250,137.96,Buy
07/01/2022,19:05:11,AAPL,250,137.98,Sell
07/01/2022,19:05:11,MSFT,250,258.38,Sell
07/01/2022,19:05:11,META,250,158.76,Buy
07/01/2022,19:05:11,AMZN,250,108.90,Sell
07/01/2022,19:05:11,AMD,250,73.70,Buy
07/01/2022,19:06:09,GOOG,250,2163.49,Sell
07/01/2022,19:06:11,AMD,250,73.69,Buy
07/01/2022,19:06:11,TSLA,250,672.00,Buy
07/01/2022,19:07:11,GOOG,250,2165.10,Sell
07/01/2022,19:09:11,GOOG,250,2163.78,Buy
07/01/2022,19:09:11,AMZN,250,109.10,Buy
07/01/2022,19:09:11,AMD,250,73.84,Sell
07/01/2022,19:09:11,AAPL,250,138.12,Buy
07/01/2022,19:09:11,MSFT,250,258.84,Buy
07/01/2022,19:10:11,AMD,250,73.86,Buy
07/01/2022,19:12:11,MSFT,250,259.08,Buy
07/01/2022,19:12:11,AAPL,250,138.31,Sell
07/01/2022,19:14:11,AMZN,250,109.28,Sell
07/01/2022,19:14:11,GOOG,250,2168.02,Buy
07/01/2022,19:14:11,GOOG,250,2169.75,Sell
07/01/2022,19:14:11,META,250,159.27,Sell
07/01/2022,19:14:11,TSLA,250,674.66,Sell
07/01/2022,19:14:11,AAPL,250,138.30,Buy
07/01/2022,19:15:10,GOOG,250,2168.30,Buy
07/01/2022,19:15:11,TSLA,250,674.85,Sell
07/01/2022,19:15:11,AMZN,250,109.36,Buy
07/01/2022,19:15:11,AMZN,250,109.37,Sell
07/01/2022,19:15:11,MSFT,250,259.30,Sell
07/01/2022,19:16:11,TSLA,250,674.62,Buy
07/01/2022,19:17:10,TSLA,250,674.55,Buy
07/01/2022,19:17:11,MSFT,250,259.37,Buy
07/01/2022,19:17:11,AMZN,250,109.52,Buy
07/01/2022,19:17:11,META,250,159.24,Sell
07/01/2022,19:19:10,META,250,159.04,Buy
07/01/2022,19:20:11,AMD,250,73.78,Sell
07/01/2022,19:20:11,AAPL,250,138.20,Sell
07/01/2022,19:20:11,META,250,159.16,Buy
07/01/2022,19:20:11,META,250,159.20,Sell
07/01/2022,19:21:11,TSLA,250,673.76,Sell
07/01/2022,19:21:11,AMD,250,73.60,Sell
07/01/2022,19:22:11,AAPL,250,138.17,Buy
07/01/2022,19:22:11,TSLA,250,673.40,Buy
07/01/2022,19:23:11,AMD,250,73.40,Buy
07/01/2022,19:24:09,GOOG,250,2167.90,Sell
07/01/2022,19:24:11,AMD,250,73.49,Buy
07/01/2022,19:24:11,AAPL,250,138.20,Sell
07/01/2022,19:24:11,AMZN,250,109.36,Sell
07/01/2022,19:24:11,MSFT,250,258.71,Sell
07/01/2022,19:25:11,AMD,250,73.52,Sell
07/01/2022,19:26:11,AMZN,250,109.39,Buy
07/01/2022,19:26:11,AAPL,250,138.25,Buy
07/01/2022,19:26:11,META,250,159.53,Buy
07/01/2022,19:27:11,AMD,250,73.55,Buy
07/01/2022,19:27:11,MSFT,250,259.04,Buy
07/01/2022,19:27:11,MSFT,250,259.06,Sell
07/01/2022,19:29:11,AAPL,250,138.23,Sell
07/01/2022,19:29:11,GOOG,250,2170.44,Buy
07/01/2022,19:29:11,GOOG,250,2172.01,Sell
07/01/2022,19:30:11,GOOG,250,2172.48,Buy
07/01/2022,19:30:11,GOOG,250,2174.39,Sell
07/01/2022,19:30:11,AMZN,250,109.38,Sell
07/01/2022,19:30:11,MSFT,250,259.10,Buy
07/01/2022,19:31:11,GOOG,250,2174.16,Buy
07/01/2022,19:31:11,TSLA,250,675.53,Sell
07/01/2022,19:32:11,AMZN,250,109.46,Buy
07/01/2022,19:32:11,AMZN,250,109.47,Sell
07/01/2022,19:32:11,TSLA,250,676.80,Sell
07/01/2022,19:32:11,MSFT,250,259.27,Sell
07/01/2022,19:33:11,AMZN,250,109.61,Buy
07/01/2022,19:34:11,META,250,159.72,Sell
07/01/2022,19:35:11,META,250,159.80,Buy
07/01/2022,19:35:11,META,250,159.83,Sell
07/01/2022,19:36:11,MSFT,250,259.31,Buy
07/01/2022,19:36:11,AAPL,250,138.53,Buy
07/01/2022,19:36:11,META,250,159.72,Buy
07/01/2022,19:37:11,TSLA,250,678.79,Sell
07/01/2022,19:37:11,AAPL,250,138.60,Sell
07/01/2022,19:38:11,TSLA,250,678.20,Buy
07/01/2022,19:38:11,AMD,250,73.73,Sell
07/01/2022,19:39:11,AMD,250,73.70,Sell
07/01/2022,19:39:11,TSLA,250,679.53,Buy
07/01/2022,19:39:11,AAPL,250,138.63,Buy
07/01/2022,19:40:11,AMD,250,73.77,Buy
07/01/2022,19:41:09,TSLA,250,679.82,Buy
07/01/2022,19:41:10,META,250,159.91,Sell
07/01/2022,19:41:11,AAPL,250,138.68,Sell
07/01/2022,19:41:11,AMZN,250,109.62,Sell
07/01/2022,19:42:11,MSFT,250,259.43,Sell
07/01/2022,19:42:11,AMD,250,73.66,Sell
07/01/2022,19:42:11,AAPL,250,138.62,Buy
07/01/2022,19:42:11,AMZN,250,109.61,Buy
07/01/2022,19:43:11,META,250,159.90,Buy
07/01/2022,19:43:11,AMD,250,73.74,Buy
07/01/2022,19:44:11,GOOG,250,2180.30,Sell
07/01/2022,19:44:11,AMD,250,73.74,Buy
07/01/2022,19:45:10,GOOG,250,2179.97,Sell
07/01/2022,19:45:11,MSFT,250,259.35,Buy
07/01/2022,19:45:11,MSFT,250,259.38,Sell
07/01/2022,19:46:11,GOOG,250,2178.97,Sell
07/01/2022,19:46:11,MSFT,250,259.29,Buy
07/01/2022,19:47:11,AMZN,250,109.57,Sell
07/01/2022,19:48:11,AMZN,250,109.48,Sell
07/01/2022,19:49:11,AMZN,250,109.65,Buy
07/01/2022,19:50:11,META,250,159.78,Sell
07/01/2022,19:51:11,META,250,159.74,Sell
07/01/2022,19:51:11,GOOG,250,2174.52,Buy
07/01/2022,19:51:11,MSFT,250,258.94,Sell
07/01/2022,19:51:11,AAPL,250,138.38,Sell
07/01/2022,19:52:11,AMZN,250,109.37,Buy
07/01/2022,19:52:11,MSFT,250,258.84,Buy
07/01/2022,19:52:11,AAPL,250,138.33,Buy
07/01/2022,19:53:11,TSLA,250,678.88,Sell
07/01/2022,19:53:11,GOOG,250,2174.44,Buy
07/01/2022,19:54:11,TSLA,250,679.15,Sell
07/01/2022,19:54:11,META,250,159.56,Buy
07/01/2022,19:54:11,GOOG,250,2175.00,Buy
07/01/2022,19:54:11,AAPL,250,138.28,Sell
07/01/2022,19:55:11,AMD,250,73.51,Sell
07/01/2022,19:56:11,TSLA,250,680.57,Sell
07/01/2022,19:56:11,AMD,250,73.51,Buy
07/01/2022,19:57:11,AMZN,250,109.50,Sell
07/01/2022,19:57:11,AAPL,250,138.73,Sell
07/01/2022,19:58:11,META,250,159.94,Sell
07/01/2022,19:58:11,AMD,250,73.53,Sell
07/01/2022,19:59:11,AMD,250,73.54,Sell
07/01/2022,20:00:09,MSFT,250,259.57,Sell
07/01/2022,20:00:46,MSFT,250,259.80,Sell
07/01/2022,20:03:54,AMZN,250,109.52,Sell
07/01/2022,20:06:09,GOOG,250,2182.49,Sell
07/01/2022,20:06:44,MSFT,250,259.75,Sell
07/01/2022,20:07:07,AAPL,250,138.99,Sell
07/01/2022,20:07:11,AMZN,250,109.50,Sell
07/01/2022,20:08:09,GOOG,250,2183.69,Sell
07/01/2022,20:08:16,META,250,160.01,Sell
07/01/2022,20:08:47,GOOG,250,2183.75,Sell
07/01/2022,20:10:58,AMD,250,73.55,Sell
07/05/2022,13:30:11,AMZN,250,107.53,Buy
07/05/2022,13:30:11,AAPL,250,137.52,Buy
07/05/2022,13:30:11,AMD,250,71.98,Buy
07/05/2022,13:31:11,GOOG,250,2140.00,Buy
07/05/2022,13:31:11,MSFT,250,255.36,Buy
07/05/2022,13:31:11,AMD,250,71.91,Buy
07/05/2022,13:32:11,AMD,250,71.82,Buy
07/05/2022,13:32:11,MSFT,250,255.10,Buy
07/05/2022,13:33:11,TSLA,250,660.07,Buy
07/05/2022,13:33:11,META,250,157.50,Buy
07/05/2022,13:34:11,MSFT,250,255.29,Buy
07/05/2022,13:34:11,AAPL,250,137.58,Buy
07/05/2022,13:34:11,TSLA,250,660.00,Buy
07/05/2022,13:35:11,AAPL,250,137.46,Buy
07/05/2022,13:35:11,AMZN,250,107.01,Buy
07/05/2022,13:36:11,META,250,158.00,Buy
07/05/2022,13:36:11,GOOG,250,2130.41,Buy
07/05/2022,13:37:11,GOOG,250,2126.79,Buy
07/05/2022,13:38:11,META,250,157.80,Buy
07/05/2022,13:38:11,AMZN,250,107.36,Buy
07/05/2022,13:39:11,TSLA,250,655.22,Buy
07/05/2022,13:45:11,AMZN,250,107.75,Sell
07/05/2022,13:45:11,AAPL,250,137.57,Sell
07/05/2022,13:45:11,AMD,250,72.92,Sell
07/05/2022,13:46:11,AMZN,250,108.30,Buy
07/05/2022,13:46:11,AMD,250,73.24,Sell
07/05/2022,13:46:11,GOOG,250,2145.20,Sell
07/05/2022,13:46:11,AAPL,250,138.36,Buy
07/05/2022,13:46:11,MSFT,250,256.29,Sell
07/05/2022,13:47:11,MSFT,250,256.18,Sell
07/05/2022,13:47:11,AMD,250,72.94,Sell
07/05/2022,13:48:11,META,250,157.90,Sell
07/05/2022,13:48:11,GOOG,250,2147.48,Buy
07/05/2022,13:48:11,TSLA,250,658.92,Sell
07/05/2022,13:48:11,AMD,250,73.36,Buy
07/05/2022,13:49:11,TSLA,250,658.34,Buy
07/05/2022,13:49:11,TSLA,250,658.96,Sell
07/05/2022,13:49:11,AAPL,250,138.75,Sell
07/05/2022,13:49:11,AMD,250,73.28,Buy
07/05/2022,13:49:11,MSFT,250,256.67,Sell
07/05/2022,13:50:11,META,250,157.81,Buy
07/05/2022,13:50:11,AAPL,250,138.49,Buy
07/05/2022,13:50:11,AAPL,250,138.51,Sell
07/05/2022,13:50:11,AMZN,250,108.67,Sell
07/05/2022,13:51:11,META,250,157.24,Sell
07/05/2022,13:51:11,GOOG,250,2146.18,Sell
07/05/2022,13:51:11,MSFT,250,256.39,Buy
07/05/2022,13:52:11,GOOG,250,2148.36,Sell
07/05/2022,13:52:11,AMD,250,72.92,Buy
07/05/2022,13:53:11,AMZN,250,108.85,Sell
07/05/2022,13:53:11,META,250,157.36,Buy
07/05/2022,13:53:11,META,250,157.41,Sell
07/05/2022,13:54:11,MSFT,250,255.95,Buy
07/05/2022,13:54:11,TSLA,250,651.16,Sell
07/05/2022,13:54:11,AMZN,250,108.60,Buy
07/05/2022,13:54:11,AAPL,250,137.95,Buy
07/05/2022,13:55:11,META,250,158.12,Buy
07/05/2022,13:55:11,TSLA,250,651.71,Buy
07/05/2022,13:55:11,AMZN,250,108.90,Buy
07/05/2022,13:55:11,MSFT,250,256.32,Buy
07/05/2022,13:57:11,GOOG,250,2143.50,Buy
07/05/2022,13:58:11,GOOG,250,2147.66,Buy
07/05/2022,14:00:11,TSLA,250,652.70,Buy
07/05/2022,14:01:11,AAPL,250,138.47,Sell
07/05/2022,14:01:11,AMZN,250,109.03,Sell
07/05/2022,14:03:11,GOOG,250,2150.00,Sell
07/05/2022,14:03:11,AMD,250,72.82,Sell
07/05/2022,14:03:11,AAPL,250,138.39,Buy
07/05/2022,14:04:11,TSLA,250,652.89,Sell
07/05/2022,14:04:11,AMD,250,72.52,Sell
07/05/2022,14:05:11,AAPL,250,138.01,Sell
07/05/2022,14:05:11,META,250,158.65,Sell
07/05/2022,14:06:11,GOOG,250,2144.15,Buy
07/05/2022,14:06:11,MSFT,250,255.87,Sell
07/05/2022,14:06:11,AAPL,250,138.08,Buy
07/05/2022,14:06:11,AMZN,250,108.64,Buy
07/05/2022,14:06:11,AMD,250,72.57,Buy
07/05/2022,14:07:11,AMD,250,72.53,Buy
07/05/2022,14:07:11,AMD,250,72.55,Sell
07/05/2022,14:07:11,MSFT,250,256.04,Buy
07/05/2022,14:08:11,TSLA,250,652.22,Buy
07/05/2022,14:08:11,META,250,158.60,Sell
07/05/2022,14:09:11,AMZN,250,109.18,Sell
07/05/2022,14:09:11,AAPL,250,138.24,Sell
07/05/2022,14:09:11,MSFT,250,256.34,Sell
07/05/2022,14:09:11,AMD,250,72.43,Buy
07/05/2022,14:09:11,META,250,159.12,Buy
07/05/2022,14:10:11,TSLA,250,654.13,Sell
07/05/2022,14:10:11,AMZN,250,109.24,Sell
07/05/2022,14:10:11,MSFT,250,256.53,Sell
07/05/2022,14:10:11,META,250,159.38,Sell
07/05/2022,14:10:11,AAPL,250,138.33,Buy
07/05/2022,14:11:11,AMZN,250,109.41,Buy
07/05/2022,14:12:11,GOOG,250,2155.31,Sell
07/05/2022,14:13:11,TSLA,250,658.54,Buy
07/05/2022,14:13:11,MSFT,250,257.39,Buy
07/05/2022,14:13:11,GOOG,250,2156.47,Buy
07/05/2022,14:13:11,GOOG,250,2158.78,Sell
07/05/2022,14:15:11,META,250,161.00,Buy
07/05/2022,14:15:11,GOOG,250,2160.15,Buy
07/05/2022,14:15:11,TSLA,250,659.00,Sell
07/05/2022,14:16:11,META,250,160.69,Buy
07/05/2022,14:16:11,AMZN,250,109.96,Buy
07/05/2022,14:17:11,TSLA,250,657.74,Buy
07/05/2022,14:18:11,AAPL,250,138.75,Sell
07/05/2022,14:19:11,MSFT,250,256.66,Buy
07/05/2022,14:19:11,AAPL,250,138.63,Buy
07/05/2022,14:21:10,GOOG,250,2163.82,Sell
07/05/2022,14:21:11,AMZN,250,110.02,Sell
07/05/2022,14:21:11,AMD,250,73.44,Sell
07/05/2022,14:21:11,AAPL,250,138.72,Sell
07/05/2022,14:22:11,GOOG,250,2162.53,Buy
07/05/2022,14:22:11,AMZN,250,109.97,Buy
07/05/2022,14:22:11,AMD,250,73.40,Buy
07/05/2022,14:22:11,AMD,250,73.42,Sell
07/05/2022,14:22:11,MSFT,250,257.07,Sell
07/05/2022,14:23:11,TSLA,250,656.48,Sell
07/05/2022,14:23:11,MSFT,250,256.72,Buy
07/05/2022,14:24:10,META,250,160.79,Sell
07/05/2022,14:24:11,TSLA,250,657.21,Buy
07/05/2022,14:24:11,AAPL,250,138.94,Buy
07/05/2022,14:24:11,AMD,250,73.51,Buy
07/05/2022,14:24:11,AMD,250,73.52,Sell
07/05/2022,14:25:11,AAPL,250,138.79,Sell
07/05/2022,14:26:11,AMZN,250,109.87,Sell
07/05/2022,14:27:11,AAPL,250,138.43,Buy
07/05/2022,14:28:10,GOOG,250,2178.91,Sell
07/05/2022,14:28:11,AMD,250,73.70,Buy
07/05/2022,14:28:11,TSLA,250,659.42,Sell
07/05/2022,14:28:11,MSFT,250,257.29,Sell
07/05/2022,14:29:11,META,250,160.66,Buy
07/05/2022,14:29:11,AMZN,250,109.91,Buy
07/05/2022,14:29:11,GOOG,250,2173.59,Buy
07/05/2022,14:30:09,GOOG,250,2174.80,Sell
07/05/2022,14:30:11,META,250,160.76,Sell
07/05/2022,14:31:10,TSLA,250,656.58,Buy
07/05/2022,14:31:10,GOOG,250,2172.28,Buy
07/05/2022,14:31:11,META,250,160.64,Sell
07/05/2022,14:31:11,AMZN,250,109.87,Sell
07/05/2022,14:32:11,AMZN,250,109.98,Buy
07/05/2022,14:32:11,TSLA,250,657.99,Sell
07/05/2022,14:32:11,META,250,160.85,Buy
07/05/2022,14:32:11,MSFT,250,256.73,Buy
07/05/2022,14:34:11,TSLA,250,657.40,Buy
07/05/2022,14:34:11,MSFT,250,256.65,Sell
07/05/2022,14:34:11,AAPL,250,138.57,Sell
07/05/2022,14:35:11,MSFT,250,256.77,Buy
07/05/2022,14:35:11,META,250,161.80,Buy
07/05/2022,14:37:11,GOOG,250,2187.45,Sell
07/05/2022,14:37:11,AMD,250,74.66,Sell
07/05/2022,14:37:11,AMZN,250,110.48,Sell
07/05/2022,14:38:11,MSFT,250,258.01,Sell
07/05/2022,14:39:11,TSLA,250,668.24,Sell
07/05/2022,14:39:11,AMD,250,74.80,Sell
07/05/2022,14:39:11,AAPL,250,139.55,Sell
07/05/2022,14:40:11,AMZN,250,110.85,Buy
07/05/2022,14:40:11,TSLA,250,668.07,Buy
07/05/2022,14:40:11,AAPL,250,139.44,Buy
07/05/2022,14:41:11,AAPL,250,139.43,Buy
07/05/2022,14:41:11,GOOG,250,2195.18,Buy
07/05/2022,14:42:11,MSFT,250,258.73,Buy
07/05/2022,14:42:11,AAPL,250,139.64,Sell
07/05/2022,14:43:11,AAPL,250,139.43,Buy
07/05/2022,14:43:11,AMD,250,74.76,Sell
07/05/2022,14:44:10,GOOG,250,2195.90,Sell
07/05/2022,14:44:11,META,250,162.71,Sell
07/05/2022,14:44:11,AMZN,250,111.02,Sell
07/05/2022,14:44:11,AMD,250,74.57,Buy
07/05/2022,14:46:09,GOOG,250,2187.29,Buy
07/05/2022,14:46:09,GOOG,250,2191.21,Sell
07/05/2022,14:46:11,AMZN,250,110.47,Buy
07/05/2022,14:46:11,TSLA,250,666.94,Sell
07/05/2022,14:47:11,META,250,161.86,Sell
07/05/2022,14:47:11,AMZN,250,110.27,Sell
07/05/2022,14:47:11,MSFT,250,257.40,Sell
07/05/2022,14:48:11,META,250,161.85,Buy
07/05/2022,14:49:11,META,250,161.88,Buy
07/05/2022,14:49:11,TSLA,250,666.09,Sell
07/05/2022,14:49:11,AMZN,250,110.40,Buy
07/05/2022,14:49:11,MSFT,250,257.48,Buy
07/05/2022,14:50:11,META,250,161.88,Sell
07/05/2022,14:50:11,AMD,250,73.93,Buy
07/05/2022,14:50:11,MSFT,250,257.38,Sell
07/05/2022,14:52:11,META,250,161.55,Buy
07/05/2022,14:52:11,TSLA,250,666.00,Buy
07/05/2022,14:53:11,AMD,250,73.71,Buy
07/05/2022,14:54:11,GOOG,250,2181.54,Buy
07/05/2022,14:55:11,TSLA,250,666.05,Buy
07/05/2022,14:55:11,TSLA,250,666.53,Sell
07/05/2022,14:55:11,AMZN,250,110.23,Sell
07/05/2022,14:55:11,AAPL,250,138.78,Sell
07/05/2022,14:56:11,GOOG,250,2185.76,Sell
07/05/2022,14:56:11,TSLA,250,667.01,Buy
07/05/2022,14:56:11,MSFT,250,257.33,Buy
07/05/2022,14:56:11,AAPL,250,138.84,Buy
07/05/2022,14:56:11,AAPL,250,138.86,Sell
07/05/2022,14:57:11,AAPL,250,138.83,Buy
07/05/2022,14:57:11,MSFT,250,257.34,Sell
07/05/2022,14:58:11,MSFT,250,257.51,Buy
07/05/2022,14:58:11,AAPL,250,138.98,Sell
07/05/2022,14:59:10,GOOG,250,2185.20,Buy
07/05/2022,14:59:11,AMD,250,73.78,Sell
07/05/2022,15:00:11,AAPL,250,138.82,Buy
07/05/2022,15:01:11,AMZN,250,109.96,Sell
07/05/2022,15:01:11,GOOG,250,2179.87,Sell
07/05/2022,15:03:11,META,250,161.00,Sell
07/05/2022,15:03:11,AMZN,250,109.98,Buy
07/05/2022,15:04:11,META,250,161.29,Sell
07/05/2022,15:04:11,AMZN,250,110.13,Buy
07/05/2022,15:04:11,AMZN,250,110.15,Sell
07/05/2022,15:04:11,AMD,250,73.54,Buy
07/05/2022,15:04:11,MSFT,250,256.64,Sell
07/05/2022,15:05:11,GOOG,250,2176.81,Buy
07/05/2022,15:05:11,AMZN,250,110.06,Buy
07/05/2022,15:05:11,AMD,250,73.46,Sell
07/05/2022,15:06:11,AMD,250,73.37,Buy
07/05/2022,15:07:11,TSLA,250,665.45,Sell
07/05/2022,15:07:11,META,250,161.05,Buy
07/05/2022,15:07:11,META,250,161.12,Sell
07/05/2022,15:07:11,MSFT,250,256.46,Buy
07/05/2022,15:08:11,TSLA,250,665.09,Buy
07/05/2022,15:08:11,AMD,250,73.54,Sell
07/05/2022,15:09:11,GOOG,250,2177.23,Sell
07/05/2022,15:10:11,GOOG,250,2179.20,Buy
07/05/2022,15:10:11,TSLA,250,664.89,Sell
07/05/2022,15:10:11,AMD,250,73.44,Buy
07/05/2022,15:11:11,TSLA,250,663.66,Sell
07/05/2022,15:11:11,AAPL,250,138.41,Sell
07/05/2022,15:11:11,MSFT,250,256.30,Sell
07/05/2022,15:12:11,AAPL,250,138.19,Sell
07/05/2022,15:12:11,MSFT,250,255.95,Buy
07/05/2022,15:13:11,META,250,161.25,Buy
07/05/2022,15:13:11,TSLA,250,662.11,Buy
07/05/2022,15:13:11,MSFT,250,256.36,Sell
07/05/2022,15:13:11,AAPL,250,138.44,Buy
07/05/2022,15:14:07,GOOG,250,2179.71,Sell
07/05/2022,15:14:11,META,250,161.08,Buy
07/05/2022,15:15:11,TSLA,250,662.28,Buy
07/05/2022,15:15:11,AAPL,250,138.49,Sell
07/05/2022,15:16:11,MSFT,250,256.22,Buy
07/05/2022,15:17:11,AAPL,250,138.49,Buy
07/05/2022,15:18:11,AAPL,250,138.55,Buy
07/05/2022,15:18:11,AMZN,250,110.12,Sell
07/05/2022,15:19:11,GOOG,250,2181.55,Buy
07/05/2022,15:19:11,AMD,250,73.14,Sell
07/05/2022,15:19:11,AMZN,250,109.96,Buy
07/05/2022,15:19:11,AMZN,250,109.98,Sell
07/05/2022,15:20:02,GOOG,250,2187.53,Sell
07/05/2022,15:20:11,AMZN,250,110.17,Buy
07/05/2022,15:20:11,AMZN,250,110.18,Sell
07/05/2022,15:20:11,AMD,250,73.22,Buy
07/05/2022,15:21:11,AMD,250,73.24,Sell
07/05/2022,15:22:11,META,250,161.67,Sell
07/05/2022,15:22:11,AMZN,250,110.21,Buy
07/05/2022,15:22:11,MSFT,250,256.41,Sell
07/05/2022,15:23:11,TSLA,250,663.39,Sell
07/05/2022,15:23:11,AMD,250,73.22,Buy
07/05/2022,15:24:10,META,250,161.37,Buy
07/05/2022,15:25:11,TSLA,250,663.01,Buy
07/05/2022,15:25:11,AMD,250,73.29,Sell
07/05/2022,15:25:11,GOOG,250,2183.51,Buy
07/05/2022,15:25:11,GOOG,250,2185.21,Sell
07/05/2022,15:25:11,MSFT,250,256.21,Buy
07/05/2022,15:26:11,AMD,250,73.13,Buy
07/05/2022,15:27:11,GOOG,250,2185.30,Buy
07/05/2022,15:27:11,MSFT,250,256.25,Sell
07/05/2022,15:28:11,META,250,161.49,Sell
07/05/2022,15:28:11,TSLA,250,662.63,Sell
07/05/2022,15:28:11,MSFT,250,256.19,Buy
07/05/2022,15:28:11,AAPL,250,138.31,Sell
07/05/2022,15:29:11,META,250,161.83,Sell
07/05/2022,15:30:11,META,250,161.63,Buy
07/05/2022,15:30:11,AAPL,250,138.30,Buy
07/05/2022,15:30:11,TSLA,250,662.40,Sell
07/05/2022,15:31:11,MSFT,250,256.45,Sell
07/05/2022,15:32:11,TSLA,250,662.58,Buy
07/05/2022,15:32:11,META,250,161.77,Buy
07/05/2022,15:32:11,AAPL,250,138.48,Sell
07/05/2022,15:33:11,AAPL,250,138.68,Sell
07/05/2022,15:34:10,GOOG,250,2190.05,Sell
07/05/2022,15:34:11,AMZN,250,110.57,Sell
07/05/2022,15:34:11,MSFT,250,256.77,Buy
07/05/2022,15:34:11,AAPL,250,138.57,Buy
07/05/2022,15:35:11,AMZN,250,110.55,Buy
07/05/2022,15:35:11,AMZN,250,110.58,Sell
07/05/2022,15:35:11,TSLA,250,665.28,Buy
07/05/2022,15:35:11,AMD,250,73.38,Sell
07/05/2022,15:36:11,AMZN,250,110.54,Buy
07/05/2022,15:36:11,AAPL,250,138.62,Buy
07/05/2022,15:36:11,GOOG,250,2187.98,Buy
07/05/2022,15:36:11,AMD,250,73.36,Buy
07/05/2022,15:37:11,AMZN,250,110.45,Sell
07/05/2022,15:38:11,AMD,250,73.17,Sell
07/05/2022,15:39:11,META,250,161.93,Sell
07/05/2022,15:39:11,AMZN,250,110.46,Buy
07/05/2022,15:40:11,GOOG,250,2189.20,Sell
07/05/2022,15:40:11,TSLA,250,663.74,Sell
07/05/2022,15:40:11,MSFT,250,256.47,Sell
07/05/2022,15:41:11,AMD,250,73.15,Sell
07/05/2022,15:42:11,MSFT,250,256.89,Buy
07/05/2022,15:42:11,GOOG,250,2194.86,Sell
07/05/2022,15:43:11,MSFT,250,257.21,Sell
07/05/2022,15:44:11,TSLA,250,668.09,Buy
07/05/2022,15:44:11,AMD,250,73.45,Buy
07/05/2022,15:45:11,META,250,162.86,Sell
07/05/2022,15:45:11,AAPL,250,139.05,Sell
07/05/2022,15:47:10,META,250,163.20,Sell
07/05/2022,15:47:11,TSLA,250,669.93,Sell
07/05/2022,15:48:11,AMD,250,73.67,Buy
07/05/2022,15:49:11,AAPL,250,139.40,Buy
07/05/2022,15:49:11,AAPL,250,139.41,Sell
07/05/2022,15:49:11,META,250,163.25,Buy
07/05/2022,15:49:11,MSFT,250,257.89,Sell
07/05/2022,15:49:11,GOOG,250,2205.58,Buy
07/05/2022,15:50:11,AMZN,250,111.63,Sell
07/05/2022,15:50:11,TSLA,250,670.08,Buy
07/05/2022,15:50:11,TSLA,250,670.32,Sell
07/05/2022,15:50:11,MSFT,250,257.86,Buy
07/05/2022,15:50:11,AAPL,250,139.39,Buy
07/05/2022,15:51:10,GOOG,250,2211.62,Buy
07/05/2022,15:51:10,GOOG,250,2213.83,Sell
07/05/2022,15:51:11,AAPL,250,139.54,Sell
07/05/2022,15:51:11,AMD,250,73.91,Sell
07/05/2022,15:51:11,AMZN,250,111.80,Buy
07/05/2022,15:51:11,AMZN,250,111.81,Sell
07/05/2022,15:52:11,GOOG,250,2207.08,Buy
07/05/2022,15:52:11,AMD,250,73.80,Buy
07/05/2022,15:53:11,AMZN,250,111.78,Buy
07/05/2022,15:54:11,TSLA,250,672.73,Buy
07/05/2022,15:54:11,META,250,163.61,Buy
07/05/2022,15:54:11,MSFT,250,257.66,Buy
07/05/2022,15:54:11,AMZN,250,111.88,Sell
07/05/2022,15:56:11,META,250,163.57,Buy
07/05/2022,15:56:11,AAPL,250,139.51,Buy
07/05/2022,15:57:11,MSFT,250,257.78,Sell
07/05/2022,15:59:10,TSLA,250,673.46,Sell
07/05/2022,15:59:11,MSFT,250,257.38,Buy
07/05/2022,15:59:11,AMD,250,73.87,Sell
07/05/2022,16:00:11,TSLA,250,673.78,Buy
07/05/2022,16:01:11,AMD,250,73.81,Buy
07/05/2022,16:01:11,AMZN,250,111.65,Buy
07/05/2022,16:03:11,AMD,250,73.78,Sell
07/05/2022,16:04:09,GOOG,250,2202.40,Sell
07/05/2022,16:04:11,META,250,163.37,Sell
07/05/2022,16:04:11,AAPL,250,139.17,Sell
07/05/2022,16:05:11,GOOG,250,2200.75,Buy
07/05/2022,16:05:11,META,250,163.27,Buy
07/05/2022,16:05:11,TSLA,250,677.21,Sell
07/05/2022,16:05:11,AAPL,250,139.17,Buy
07/05/2022,16:05:11,AAPL,250,139.18,Sell
07/05/2022,16:05:11,MSFT,250,256.73,Sell
07/05/2022,16:05:11,AMD,250,73.67,Buy
07/05/2022,16:06:11,GOOG,250,2203.32,Sell
07/05/2022,16:06:11,MSFT,250,256.67,Buy
07/05/2022,16:06:11,AMZN,250,111.35,Sell
07/05/2022,16:07:10,GOOG,250,2206.69,Sell
07/05/2022,16:07:11,AMD,250,73.67,Sell
07/05/2022,16:08:10,GOOG,250,2205.72,Buy
07/05/2022,16:08:11,AMZN,250,111.60,Sell
07/05/2022,16:08:11,AAPL,250,139.19,Buy
07/05/2022,16:09:10,GOOG,250,2207.80,Buy
07/05/2022,16:09:11,META,250,163.87,Sell
07/05/2022,16:09:11,MSFT,250,257.16,Sell
07/05/2022,16:09:11,TSLA,250,678.99,Sell
07/05/2022,16:10:11,TSLA,250,678.01,Buy
07/05/2022,16:11:11,META,250,164.32,Sell
07/05/2022,16:11:11,AAPL,250,139.52,Sell
07/05/2022,16:12:11,AMD,250,74.04,Buy
07/05/2022,16:12:11,AAPL,250,139.52,Buy
07/05/2022,16:13:11,AMZN,250,111.96,Buy
07/05/2022,16:13:11,MSFT,250,257.63,Buy
07/05/2022,16:14:11,MSFT,250,257.10,Sell
07/05/2022,16:15:11,TSLA,250,677.37,Buy
07/05/2022,16:15:11,TSLA,250,677.73,Sell
07/05/2022,16:15:11,META,250,164.04,Buy
07/05/2022,16:15:11,MSFT,250,257.14,Buy
07/05/2022,16:16:11,TSLA,250,676.71,Buy
07/05/2022,16:16:11,AMZN,250,111.74,Sell
07/05/2022,16:16:11,AMD,250,73.84,Sell
07/05/2022,16:17:11,AMZN,250,111.71,Buy
07/05/2022,16:20:10,GOOG,250,2212.51,Sell
07/05/2022,16:20:11,AAPL,250,139.51,Sell
07/05/2022,16:20:11,META,250,164.41,Sell
07/05/2022,16:20:11,AMD,250,74.07,Sell
07/05/2022,16:21:11,AMD,250,73.99,Buy
07/05/2022,16:21:11,MSFT,250,257.20,Sell
07/05/2022,16:21:11,AAPL,250,139.30,Buy
07/05/2022,16:21:11,AMZN,250,111.82,Buy
07/05/2022,16:22:11,GOOG,250,2211.79,Buy
07/05/2022,16:22:11,META,250,164.33,Buy
07/05/2022,16:22:11,MSFT,250,257.37,Buy
07/05/2022,16:23:05,GOOG,250,2215.00,Sell
07/05/2022,16:23:11,AAPL,250,139.50,Sell
07/05/2022,16:23:11,META,250,164.49,Buy
07/05/2022,16:24:10,GOOG,250,2219.52,Sell
07/05/2022,16:25:11,GOOG,250,2219.21,Buy
07/05/2022,16:25:11,TSLA,250,682.78,Sell
07/05/2022,16:25:11,AMD,250,74.43,Buy
07/05/2022,16:26:11,AAPL,250,139.95,Buy
07/05/2022,16:27:11,AMD,250,74.37,Sell
07/05/2022,16:27:11,GOOG,250,2219.48,Buy
07/05/2022,16:27:11,AAPL,250,139.91,Sell
07/05/2022,16:28:11,MSFT,250,258.35,Sell
07/05/2022,16:28:11,AMD,250,74.37,Buy
07/05/2022,16:28:11,AMZN,250,112.64,Sell
07/05/2022,16:28:11,TSLA,250,682.07,Buy
07/05/2022,16:30:11,TSLA,250,682.25,Sell
07/05/2022,16:30:11,MSFT,250,258.40,Sell
07/05/2022,16:30:11,AAPL,250,139.93,Buy
07/05/2022,16:30:11,AMZN,250,112.56,Buy
07/05/2022,16:30:11,META,250,165.19,Sell
07/05/2022,16:31:11,TSLA,250,681.30,Buy
07/05/2022,16:31:11,TSLA,250,681.70,Sell
07/05/2022,16:32:11,AMZN,250,112.44,Sell
07/05/2022,16:32:11,META,250,165.28,Buy
07/05/2022,16:33:11,TSLA,250,680.29,Buy
07/05/2022,16:33:11,MSFT,250,258.22,Buy
07/05/2022,16:33:11,AMZN,250,112.34,Buy
07/05/2022,16:34:11,MSFT,250,258.44,Buy
07/05/2022,16:36:11,AMZN,250,112.43,Sell
07/05/2022,16:36:11,AAPL,250,139.85,Sell
07/05/2022,16:36:11,AMD,250,74.25,Sell
07/05/2022,16:37:11,GOOG,250,2225.00,Sell
07/05/2022,16:37:11,MSFT,250,258.35,Sell
07/05/2022,16:37:11,META,250,165.42,Sell
07/05/2022,16:37:11,AAPL,250,139.86,Buy
07/05/2022,16:38:11,GOOG,250,2222.92,Buy
07/05/2022,16:38:11,AMZN,250,112.47,Buy
07/05/2022,16:38:11,META,250,165.48,Sell
07/05/2022,16:39:11,MSFT,250,258.27,Buy
07/05/2022,16:39:11,AMD,250,74.26,Buy
07/05/2022,16:40:11,GOOG,250,2224.07,Sell
07/05/2022,16:40:11,AMD,250,74.19,Sell
07/05/2022,16:41:11,GOOG,250,2223.66,Buy
07/05/2022,16:41:11,AMD,250,74.35,Buy
07/05/2022,16:41:11,AAPL,250,139.88,Sell
07/05/2022,16:42:11,GOOG,250,2221.55,Sell
07/05/2022,16:43:11,TSLA,250,680.99,Sell
07/05/2022,16:43:11,GOOG,250,2221.80,Buy
07/05/2022,16:43:11,AMD,250,74.11,Sell
07/05/2022,16:45:11,AAPL,250,139.43,Buy
07/05/2022,16:45:11,AAPL,250,139.45,Sell
07/05/2022,16:45:11,AMZN,250,112.13,Sell
07/05/2022,16:45:11,META,250,164.70,Buy
07/05/2022,16:45:11,AMD,250,74.00,Buy
07/05/2022,16:46:11,TSLA,250,678.62,Sell
07/05/2022,16:47:11,META,250,164.20,Sell
07/05/2022,16:48:11,META,250,164.24,Buy
07/05/2022,16:48:11,TSLA,250,677.75,Sell
07/05/2022,16:48:11,AMZN,250,111.78,Sell
07/05/2022,16:48:11,AAPL,250,139.20,Buy
07/05/2022,16:48:11,MSFT,250,257.79,Sell
07/05/2022,16:49:11,TSLA,250,677.57,Buy
07/05/2022,16:49:11,META,250,164.17,Buy
07/05/2022,16:49:11,MSFT,250,257.81,Buy
07/05/2022,16:49:11,MSFT,250,257.84,Sell
07/05/2022,16:50:11,TSLA,250,677.70,Buy
07/05/2022,16:51:11,MSFT,250,257.51,Buy
07/05/2022,16:52:11,AAPL,250,139.07,Sell
07/05/2022,16:52:11,TSLA,250,676.87,Buy
07/05/2022,16:53:11,AAPL,250,139.11,Buy
07/05/2022,16:53:11,GOOG,250,2218.59,Sell
07/05/2022,16:53:11,AMZN,250,111.84,Sell
07/05/2022,16:54:11,GOOG,250,2217.96,Buy
07/05/2022,16:54:11,MSFT,250,257.62,Sell
07/05/2022,16:54:11,AMD,250,73.78,Sell
07/05/2022,16:56:11,GOOG,250,2220.40,Sell
07/05/2022,16:56:11,MSFT,250,257.59,Buy
07/05/2022,16:56:11,AMD,250,73.76,Sell
07/05/2022,16:57:11,AMD,250,73.71,Buy
07/05/2022,16:57:11,AMZN,250,111.78,Buy
07/05/2022,16:58:11,GOOG,250,2222.29,Sell
07/05/2022,16:58:11,AMD,250,73.72,Buy
07/05/2022,17:00:11,AMZN,250,111.73,Buy
07/05/2022,17:00:11,META,250,163.95,Sell
07/05/2022,17:00:11,AAPL,250,138.98,Sell
07/05/2022,17:00:11,AMD,250,73.70,Sell
07/05/2022,17:01:11,AMZN,250,111.86,Buy
07/05/2022,17:01:11,GOOG,250,2218.10,Buy
07/05/2022,17:01:11,AMD,250,73.77,Buy
07/05/2022,17:01:11,META,250,164.02,Buy
07/05/2022,17:02:10,GOOG,250,2215.80,Buy
07/05/2022,17:02:11,AAPL,250,138.90,Buy
07/05/2022,17:03:11,AAPL,250,139.08,Sell
07/05/2022,17:03:11,META,250,164.23,Sell
07/05/2022,17:04:11,META,250,164.27,Sell
07/05/2022,17:04:11,TSLA,250,679.82,Sell
07/05/2022,17:04:11,MSFT,250,257.98,Sell
07/05/2022,17:05:11,TSLA,250,680.66,Sell
07/05/2022,17:06:11,META,250,164.13,Buy
07/05/2022,17:06:11,MSFT,250,257.99,Buy
07/05/2022,17:06:11,MSFT,250,258.01,Sell
07/05/2022,17:07:11,TSLA,250,678.87,Sell
07/05/2022,17:08:11,META,250,164.26,Buy
07/05/2022,17:08:11,MSFT,250,258.01,Buy
07/05/2022,17:08:11,AAPL,250,138.97,Sell
07/05/2022,17:09:11,GOOG,250,2222.60,Sell
07/05/2022,17:09:11,AAPL,250,139.08,Buy
07/05/2022,17:11:11,MSFT,250,258.46,Sell
07/05/2022,17:12:11,MSFT,250,258.58,Buy
07/05/2022,17:12:11,TSLA,250,681.23,Buy
07/05/2022,17:12:11,AAPL,250,139.27,Buy
07/05/2022,17:12:11,AMD,250,74.18,Sell
07/05/2022,17:12:11,AMZN,250,112.29,Sell
07/05/2022,17:13:11,AMZN,250,112.35,Buy
07/05/2022,17:13:11,AMD,250,74.25,Sell
07/05/2022,17:14:11,TSLA,250,682.25,Buy
07/05/2022,17:14:11,AMD,250,74.32,Buy
07/05/2022,17:15:10,GOOG,250,2227.78,Buy
07/05/2022,17:15:11,AMD,250,74.40,Buy
07/05/2022,17:15:11,TSLA,250,682.52,Buy
07/05/2022,17:15:11,AMZN,250,112.32,Sell
07/05/2022,17:16:11,META,250,164.95,Sell
07/05/2022,17:16:11,GOOG,250,2229.56,Sell
07/05/2022,17:16:11,AMZN,250,112.39,Sell
07/05/2022,17:16:11,AMD,250,74.43,Sell
07/05/2022,17:17:11,GOOG,250,2228.56,Buy
07/05/2022,17:17:11,GOOG,250,2229.70,Sell
07/05/2022,17:17:11,AAPL,250,139.39,Sell
07/05/2022,17:17:11,AMD,250,74.40,Buy
07/05/2022,17:21:11,GOOG,250,2236.73,Buy
07/05/2022,17:21:11,AMZN,250,112.76,Buy
07/05/2022,17:21:11,MSFT,250,259.38,Sell
07/05/2022,17:21:11,META,250,165.31,Buy
07/05/2022,17:21:11,META,250,165.35,Sell
07/05/2022,17:22:10,META,250,165.41,Buy
07/05/2022,17:22:11,AAPL,250,139.72,Buy
07/05/2022,17:22:11,MSFT,250,259.40,Buy
07/05/2022,17:23:10,META,250,165.68,Sell
07/05/2022,17:23:11,MSFT,250,259.67,Sell
07/05/2022,17:24:11,META,250,165.38,Buy
07/05/2022,17:24:11,AMZN,250,112.87,Buy
07/05/2022,17:24:11,AAPL,250,139.80,Sell
07/05/2022,17:24:11,MSFT,250,259.52,Buy
07/05/2022,17:26:11,AAPL,250,139.87,Buy
07/05/2022,17:27:11,MSFT,250,259.66,Sell
07/05/2022,17:27:11,TSLA,250,685.32,Sell
07/05/2022,17:27:11,AAPL,250,139.81,Sell
07/05/2022,17:28:11,AMZN,250,113.05,Sell
07/05/2022,17:28:11,AAPL,250,139.87,Buy
07/05/2022,17:28:11,MSFT,250,259.69,Buy
07/05/2022,17:29:11,AMD,250,74.53,Sell
07/05/2022,17:29:11,TSLA,250,686.37,Sell
07/05/2022,17:30:11,GOOG,250,2241.91,Sell
07/05/2022,17:30:11,TSLA,250,686.06,Buy
07/05/2022,17:30:11,TSLA,250,686.38,Sell
07/05/2022,17:30:11,AMD,250,74.50,Sell
07/05/2022,17:32:11,GOOG,250,2241.02,Buy
07/05/2022,17:32:11,GOOG,250,2242.46,Sell
07/05/2022,17:32:11,AMD,250,74.35,Sell
07/05/2022,17:33:10,GOOG,250,2242.54,Buy
07/05/2022,17:33:11,TSLA,250,687.34,Buy
07/05/2022,17:33:11,AMD,250,74.51,Buy
07/05/2022,17:33:11,AMZN,250,112.86,Buy
07/05/2022,17:34:11,AMD,250,74.60,Buy
07/05/2022,17:35:11,AMD,250,74.58,Buy
07/05/2022,17:36:11,TSLA,250,689.15,Buy
07/05/2022,17:36:11,META,250,165.78,Sell
07/05/2022,17:36:11,AMZN,250,112.98,Sell
07/05/2022,17:36:11,GOOG,250,2247.85,Sell
07/05/2022,17:37:11,AAPL,250,140.03,Sell
07/05/2022,17:37:11,MSFT,250,260.09,Sell
07/05/2022,17:37:11,META,250,165.92,Buy
07/05/2022,17:37:11,META,250,165.97,Sell
07/05/2022,17:38:10,META,250,165.92,Buy
07/05/2022,17:38:11,AAPL,250,140.01,Buy
07/05/2022,17:39:11,AMZN,250,113.16,Buy
07/05/2022,17:39:11,AMZN,250,113.17,Sell
07/05/2022,17:39:11,MSFT,250,260.25,Sell
07/05/2022,17:39:11,META,250,166.03,Sell
07/05/2022,17:41:11,AAPL,250,140.05,Sell
07/05/2022,17:42:11,MSFT,250,260.13,Buy
07/05/2022,17:43:11,AAPL,250,140.11,Sell
07/05/2022,17:43:11,MSFT,250,260.10,Sell
07/05/2022,17:44:11,MSFT,250,259.79,Buy
07/05/2022,17:45:08,GOOG,250,2245.46,Buy
07/05/2022,17:45:11,TSLA,250,690.24,Sell
07/05/2022,17:45:11,MSFT,250,259.81,Buy
07/05/2022,17:47:09,GOOG,250,2244.98,Sell
07/05/2022,17:47:11,META,250,165.29,Buy
07/05/2022,17:47:11,TSLA,250,687.75,Buy
07/05/2022,17:47:11,AMZN,250,112.87,Buy
07/05/2022,17:47:11,AAPL,250,139.81,Buy
07/05/2022,17:48:11,AMD,250,74.27,Sell
07/05/2022,17:48:11,TSLA,250,687.83,Sell
07/05/2022,17:48:11,AMZN,250,112.70,Sell
07/05/2022,17:48:11,GOOG,250,2241.91,Sell
07/05/2022,17:49:09,GOOG,250,2240.95,Buy
07/05/2022,17:49:11,AAPL,250,139.70,Buy
07/05/2022,17:49:11,AMD,250,74.31,Sell
07/05/2022,17:50:10,AMZN,250,112.72,Buy
07/05/2022,17:50:11,AMD,250,74.31,Buy
07/05/2022,17:50:11,AMD,250,74.32,Sell
07/05/2022,17:51:08,GOOG,250,2241.62,Buy
07/05/2022,17:51:11,TSLA,250,688.62,Buy
07/05/2022,17:51:11,TSLA,250,688.88,Sell
07/05/2022,17:52:11,META,250,165.09,Sell
07/05/2022,17:52:11,AMD,250,74.29,Buy
07/05/2022,17:53:11,AAPL,250,139.95,Sell
07/05/2022,17:53:11,META,250,164.93,Sell
07/05/2022,17:54:11,AAPL,250,139.97,Buy
07/05/2022,17:54:11,TSLA,250,688.78,Buy
07/05/2022,17:54:11,META,250,164.94,Buy
07/05/2022,17:54:11,AMZN,250,112.92,Sell
07/05/2022,17:54:11,AMD,250,74.43,Buy
07/05/2022,17:55:11,META,250,164.90,Buy
07/05/2022,17:57:11,MSFT,250,259.67,Sell
07/05/2022,17:57:11,AMZN,250,112.89,Buy
07/05/2022,17:59:11,MSFT,250,259.67,Buy
07/05/2022,17:59:11,MSFT,250,259.69,Sell
07/05/2022,18:00:11,GOOG,250,2249.95,Sell
07/05/2022,18:00:11,MSFT,250,259.59,Buy
07/05/2022,18:00:11,MSFT,250,259.61,Sell
07/05/2022,18:01:11,GOOG,250,2245.81,Buy
07/05/2022,18:02:11,TSLA,250,688.50,Sell
07/05/2022,18:02:11,META,250,165.34,Sell
07/05/2022,18:02:11,AAPL,250,140.08,Sell
07/05/2022,18:02:11,AMZN,250,112.95,Sell
07/05/2022,18:02:11,MSFT,250,259.47,Buy
07/05/2022,18:04:04,GOOG,250,2251.49,Sell
07/05/2022,18:04:11,AAPL,250,140.24,Sell
07/05/2022,18:04:11,META,250,165.30,Buy
07/05/2022,18:05:11,TSLA,250,690.22,Buy
07/05/2022,18:05:11,AMZN,250,113.17,Sell
07/05/2022,18:05:11,AMD,250,74.57,Sell
07/05/2022,18:06:11,GOOG,250,2250.39,Sell
07/05/2022,18:06:11,AMZN,250,113.04,Buy
07/05/2022,18:06:11,AAPL,250,140.12,Buy
07/05/2022,18:06:11,TSLA,250,689.70,Sell
07/05/2022,18:07:11,GOOG,250,2249.38,Buy
07/05/2022,18:07:11,AMD,250,74.42,Sell
07/05/2022,18:08:11,GOOG,250,2251.54,Buy
07/05/2022,18:08:11,AMZN,250,113.03,Buy
07/05/2022,18:08:11,AAPL,250,140.12,Buy
07/05/2022,18:08:11,AMD,250,74.43,Buy
07/05/2022,18:09:11,META,250,165.07,Sell
07/05/2022,18:09:11,AAPL,250,139.99,Sell
07/05/2022,18:09:11,AMD,250,74.28,Sell
07/05/2022,18:09:11,TSLA,250,687.68,Sell
07/05/2022,18:10:11,META,250,165.19,Buy
07/05/2022,18:10:11,META,250,165.23,Sell
07/05/2022,18:11:11,TSLA,250,686.80,Buy
07/05/2022,18:11:11,META,250,165.02,Buy
07/05/2022,18:12:11,AMZN,250,112.94,Sell
07/05/2022,18:12:11,AMD,250,74.31,Buy
07/05/2022,18:12:11,AAPL,250,140.06,Buy
07/05/2022,18:14:11,MSFT,250,259.33,Sell
07/05/2022,18:14:11,AMD,250,74.24,Buy
07/05/2022,18:14:11,TSLA,250,687.27,Buy
07/05/2022,18:15:11,MSFT,250,259.27,Sell
07/05/2022,18:16:11,GOOG,250,2250.30,Sell
07/05/2022,18:17:11,GOOG,250,2251.15,Buy
07/05/2022,18:17:11,MSFT,250,259.23,Buy
07/05/2022,18:17:11,MSFT,250,259.25,Sell
07/05/2022,18:19:11,META,250,165.35,Sell
07/05/2022,18:20:11,TSLA,250,687.37,Sell
07/05/2022,18:21:11,AMZN,250,113.02,Sell
07/05/2022,18:21:11,TSLA,250,687.11,Buy
07/05/2022,18:21:11,AAPL,250,140.20,Sell
07/05/2022,18:21:11,META,250,165.49,Buy
07/05/2022,18:22:11,GOOG,250,2253.38,Sell
07/05/2022,18:23:06,GOOG,250,2251.70,Buy
07/05/2022,18:23:06,GOOG,250,2253.25,Sell
07/05/2022,18:23:11,MSFT,250,259.55,Buy
07/05/2022,18:23:11,AAPL,250,140.26,Sell
07/05/2022,18:23:11,AMD,250,74.33,Sell
07/05/2022,18:23:11,AMZN,250,113.06,Buy
07/05/2022,18:23:11,AMZN,250,113.07,Sell
07/05/2022,18:24:11,GOOG,250,2255.37,Buy
07/05/2022,18:25:11,AMD,250,74.47,Buy
07/05/2022,18:25:11,META,250,165.93,Sell
07/05/2022,18:25:11,AAPL,250,140.40,Buy
07/05/2022,18:26:11,META,250,165.98,Sell
07/05/2022,18:26:11,TSLA,250,689.47,Sell
07/05/2022,18:27:11,AMD,250,74.52,Sell
07/05/2022,18:27:11,AAPL,250,140.61,Sell
07/05/2022,18:28:10,AMZN,250,113.46,Buy
07/05/2022,18:28:11,AMD,250,74.52,Buy
07/05/2022,18:29:11,TSLA,250,691.44,Sell
07/05/2022,18:29:11,AMD,250,74.54,Sell
07/05/2022,18:30:11,AAPL,250,140.63,Buy
07/05/2022,18:30:11,MSFT,250,260.36,Buy
07/05/2022,18:31:11,META,250,166.43,Buy
07/05/2022,18:31:11,AMD,250,74.54,Buy
07/05/2022,18:32:11,GOOG,250,2265.24,Sell
07/05/2022,18:32:11,META,250,166.23,Buy
07/05/2022,18:32:11,AMZN,250,113.47,Buy
07/05/2022,18:32:11,AAPL,250,140.69,Buy
07/05/2022,18:32:11,MSFT,250,260.61,Sell
07/05/2022,18:33:11,TSLA,250,691.26,Buy
07/05/2022,18:33:11,MSFT,250,260.85,Buy
07/05/2022,18:34:10,GOOG,250,2266.20,Buy
07/05/2022,18:34:11,TSLA,250,690.84,Buy
07/05/2022,18:36:11,META,250,166.87,Sell
07/05/2022,18:36:11,TSLA,250,692.39,Sell
07/05/2022,18:38:11,GOOG,250,2271.90,Sell
07/05/2022,18:38:11,MSFT,250,261.57,Sell
07/05/2022,18:38:11,AMZN,250,113.91,Sell
07/05/2022,18:39:11,AMZN,250,114.00,Buy
07/05/2022,18:39:11,MSFT,250,261.81,Buy
07/05/2022,18:39:11,GOOG,250,2271.73,Sell
07/05/2022,18:40:11,AMD,250,75.00,Sell
07/05/2022,18:40:11,AAPL,250,141.39,Sell
07/05/2022,18:41:09,GOOG,250,2270.71,Buy
07/05/2022,18:41:10,TSLA,250,695.80,Buy
07/05/2022,18:41:11,META,250,167.18,Buy
07/05/2022,18:42:11,AAPL,250,141.27,Buy
07/05/2022,18:42:11,AMD,250,74.91,Buy
07/05/2022,18:42:11,GOOG,250,2268.49,Buy
07/05/2022,18:43:11,AMZN,250,113.85,Sell
07/05/2022,18:43:11,AMD,250,74.88,Sell
07/05/2022,18:45:11,AMD,250,74.81,Buy
07/05/2022,18:45:11,MSFT,250,261.62,Sell
07/05/2022,18:45:11,AAPL,250,141.16,Sell
07/05/2022,18:46:09,META,250,166.96,Sell
07/05/2022,18:46:11,AMD,250,74.86,Sell
07/05/2022,18:46:11,AAPL,250,141.20,Buy
07/05/2022,18:47:11,AMZN,250,113.65,Sell
07/05/2022,18:47:11,META,250,166.77,Sell
07/05/2022,18:47:11,AAPL,250,141.17,Sell
07/05/2022,18:47:11,MSFT,250,261.66,Buy
07/05/2022,18:48:11,TSLA,250,693.88,Sell
07/05/2022,18:48:11,META,250,166.71,Buy
07/05/2022,18:48:11,MSFT,250,261.60,Sell
07/05/2022,18:49:11,TSLA,250,693.10,Sell
07/05/2022,18:49:11,GOOG,250,2268.22,Sell
07/05/2022,18:50:10,GOOG,250,2267.00,Buy
07/05/2022,18:50:11,TSLA,250,692.79,Buy
07/05/2022,18:50:11,AMD,250,74.67,Buy
07/05/2022,18:50:11,AAPL,250,141.02,Buy
07/05/2022,18:50:11,MSFT,250,261.70,Buy
07/05/2022,18:51:11,META,250,166.66,Buy
07/05/2022,18:51:11,AMZN,250,113.45,Buy
07/05/2022,18:51:11,TSLA,250,692.86,Buy
07/05/2022,18:52:11,AMZN,250,113.47,Buy
07/05/2022,18:54:11,AMZN,250,113.44,Sell
07/05/2022,18:54:11,MSFT,250,261.75,Sell
07/05/2022,18:55:11,MSFT,250,261.94,Buy
07/05/2022,18:55:11,AMZN,250,113.53,Buy
07/05/2022,18:56:11,GOOG,250,2270.50,Sell
07/05/2022,18:56:11,META,250,166.92,Sell
07/05/2022,18:56:11,TSLA,250,693.29,Sell
07/05/2022,18:57:11,AMD,250,74.77,Sell
07/05/2022,18:57:11,GOOG,250,2270.28,Sell
07/05/2022,18:57:11,AAPL,250,140.95,Sell
07/05/2022,18:58:11,TSLA,250,694.16,Buy
07/05/2022,18:58:11,AMD,250,74.85,Buy
07/05/2022,18:58:11,META,250,167.24,Buy
07/05/2022,18:58:11,AAPL,250,141.01,Buy
07/05/2022,19:00:11,AMD,250,74.76,Sell
07/05/2022,19:01:11,AAPL,250,140.78,Sell
07/05/2022,19:02:11,MSFT,250,261.75,Sell
07/05/2022,19:03:11,META,250,166.89,Sell
07/05/2022,19:03:11,GOOG,250,2267.58,Buy
07/05/2022,19:03:11,MSFT,250,261.64,Buy
07/05/2022,19:05:11,AAPL,250,140.96,Sell
07/05/2022,19:05:11,META,250,167.06,Buy
07/05/2022,19:05:11,GOOG,250,2270.33,Buy
07/05/2022,19:05:11,GOOG,250,2271.80,Sell
07/05/2022,19:05:11,TSLA,250,694.42,Sell
07/05/2022,19:05:11,AMD,250,74.68,Buy
07/05/2022,19:05:11,AMD,250,74.69,Sell
07/05/2022,19:05:11,MSFT,250,261.92,Sell
07/05/2022,19:06:11,TSLA,250,693.70,Sell
07/05/2022,19:06:11,AMZN,250,113.48,Sell
07/05/2022,19:06:11,META,250,167.01,Sell
07/05/2022,19:06:11,MSFT,250,261.76,Buy
07/05/2022,19:07:11,AMZN,250,113.58,Buy
07/05/2022,19:07:11,AMZN,250,113.60,Sell
07/05/2022,19:07:11,AMD,250,74.79,Buy
07/05/2022,19:07:11,GOOG,250,2272.61,Buy
07/05/2022,19:08:11,TSLA,250,695.07,Buy
07/05/2022,19:09:11,AAPL,250,141.10,Buy
07/05/2022,19:10:11,META,250,167.32,Buy
07/05/2022,19:10:11,MSFT,250,262.10,Sell
07/05/2022,19:10:11,AAPL,250,141.20,Buy
07/05/2022,19:10:11,AMZN,250,113.63,Sell
07/05/2022,19:10:11,TSLA,250,695.04,Buy
07/05/2022,19:11:11,MSFT,250,262.03,Buy
07/05/2022,19:13:11,META,250,167.23,Sell
07/05/2022,19:13:11,TSLA,250,694.61,Sell
07/05/2022,19:13:11,AMZN,250,113.33,Buy
07/05/2022,19:13:11,AMD,250,74.63,Sell
07/05/2022,19:13:11,AAPL,250,140.94,Sell
07/05/2022,19:14:11,AAPL,250,140.93,Buy
07/05/2022,19:14:11,AMZN,250,113.31,Buy
07/05/2022,19:14:11,TSLA,250,694.46,Buy
07/05/2022,19:15:11,AMD,250,74.59,Buy
07/05/2022,19:15:11,META,250,167.13,Buy
07/05/2022,19:18:11,GOOG,250,2267.86,Sell
07/05/2022,19:18:11,MSFT,250,261.41,Sell
07/05/2022,19:20:11,META,250,166.30,Sell
07/05/2022,19:20:11,MSFT,250,261.15,Buy
07/05/2022,19:20:11,AMD,250,74.35,Sell
07/05/2022,19:20:11,GOOG,250,2262.93,Buy
07/05/2022,19:20:11,GOOG,250,2264.45,Sell
07/05/2022,19:21:11,GOOG,250,2267.21,Buy
07/05/2022,19:21:11,MSFT,250,261.49,Sell
07/05/2022,19:22:11,AMZN,250,113.24,Sell
07/05/2022,19:22:11,AMD,250,74.41,Buy
07/05/2022,19:22:11,AMD,250,74.42,Sell
07/05/2022,19:22:11,GOOG,250,2268.19,Sell
07/05/2022,19:23:11,META,250,166.98,Buy
07/05/2022,19:23:11,AMZN,250,113.41,Buy
07/05/2022,19:23:11,MSFT,250,261.70,Buy
07/05/2022,19:23:11,TSLA,250,694.40,Sell
07/05/2022,19:23:11,AMD,250,74.52,Buy
07/05/2022,19:24:11,AAPL,250,141.09,Sell
07/05/2022,19:25:09,GOOG,250,2272.33,Buy
07/05/2022,19:25:11,TSLA,250,694.40,Buy
07/05/2022,19:25:11,TSLA,250,694.79,Sell
07/05/2022,19:25:11,AAPL,250,141.07,Sell
07/05/2022,19:25:11,META,250,167.29,Sell
07/05/2022,19:26:11,MSFT,250,261.99,Sell
07/05/2022,19:26:11,META,250,167.23,Buy
07/05/2022,19:26:11,AAPL,250,141.05,Buy
07/05/2022,19:27:11,TSLA,250,694.86,Buy
07/05/2022,19:28:11,AMZN,250,113.63,Sell
07/05/2022,19:28:11,AAPL,250,141.15,Buy
07/05/2022,19:28:11,MSFT,250,262.16,Buy
07/05/2022,19:29:11,TSLA,250,696.67,Sell
07/05/2022,19:29:11,AAPL,250,141.30,Sell
07/05/2022,19:29:11,AMZN,250,113.80,Sell
07/05/2022,19:30:11,TSLA,250,696.81,Buy
07/05/2022,19:30:11,META,250,167.63,Sell
07/05/2022,19:30:11,AMD,250,74.91,Sell
07/05/2022,19:30:11,AMZN,250,113.84,Buy
07/05/2022,19:30:11,AAPL,250,141.29,Buy
07/05/2022,19:32:11,META,250,167.60,Buy
07/05/2022,19:32:11,AMZN,250,113.88,Buy
07/05/2022,19:32:11,AMD,250,74.87,Buy
07/05/2022,19:35:11,GOOG,250,2276.19,Sell
07/05/2022,19:35:11,MSFT,250,262.62,Sell
07/05/2022,19:36:11,GOOG,250,2275.60,Sell
07/05/2022,19:36:11,MSFT,250,262.46,Buy
07/05/2022,19:37:11,AMD,250,74.76,Sell
07/05/2022,19:37:11,GOOG,250,2273.70,Buy
07/05/2022,19:38:11,AMZN,250,113.70,Sell
07/05/2022,19:38:11,MSFT,250,262.43,Sell
07/05/2022,19:38:11,AMD,250,74.79,Sell
07/05/2022,19:38:11,META,250,167.65,Sell
07/05/2022,19:39:10,META,250,167.77,Buy
07/05/2022,19:39:11,AMZN,250,113.76,Buy
07/05/2022,19:39:11,GOOG,250,2275.27,Buy
07/05/2022,19:40:11,GOOG,250,2275.83,Sell
07/05/2022,19:40:11,AMD,250,74.87,Buy
07/05/2022,19:40:11,MSFT,250,262.44,Buy
07/05/2022,19:40:11,TSLA,250,697.99,Sell
07/05/2022,19:41:11,AMD,250,74.89,Buy
07/05/2022,19:41:11,AAPL,250,141.40,Sell
07/05/2022,19:41:11,META,250,167.72,Sell
07/05/2022,19:42:11,TSLA,250,697.82,Sell
07/05/2022,19:42:11,META,250,167.63,Buy
07/05/2022,19:43:11,TSLA,250,697.35,Buy
07/05/2022,19:43:11,MSFT,250,262.35,Sell
07/05/2022,19:43:11,AAPL,250,141.42,Sell
07/05/2022,19:44:11,TSLA,250,697.86,Buy
07/05/2022,19:44:11,MSFT,250,262.41,Buy
07/05/2022,19:44:11,AAPL,250,141.44,Buy
07/05/2022,19:45:11,GOOG,250,2278.48,Buy
07/05/2022,19:45:11,TSLA,250,697.71,Sell
07/05/2022,19:45:11,AMZN,250,113.68,Sell
07/05/2022,19:45:11,AAPL,250,141.35,Sell
07/05/2022,19:46:11,AMZN,250,113.63,Buy
07/05/2022,19:47:10,AMD,250,74.71,Sell
07/05/2022,19:47:11,TSLA,250,696.61,Buy
07/05/2022,19:47:11,META,250,167.44,Sell
07/05/2022,19:47:11,AMZN,250,113.65,Sell
07/05/2022,19:47:11,AAPL,250,141.26,Buy
07/05/2022,19:48:11,AMZN,250,113.65,Buy
07/05/2022,19:48:11,AAPL,250,141.31,Buy
07/05/2022,19:51:11,META,250,167.77,Buy
07/05/2022,19:51:11,MSFT,250,262.04,Sell
07/05/2022,19:51:11,AMD,250,74.89,Buy
07/05/2022,19:52:11,GOOG,250,2275.45,Sell
07/05/2022,19:52:11,MSFT,250,262.19,Buy
07/05/2022,19:54:11,AMZN,250,113.67,Sell
07/05/2022,19:54:11,META,250,167.78,Sell
07/05/2022,19:54:11,GOOG,250,2274.61,Buy
07/05/2022,19:54:11,GOOG,250,2276.07,Sell
07/05/2022,19:55:10,GOOG,250,2277.19,Buy
07/05/2022,19:55:11,META,250,167.92,Buy
07/05/2022,19:55:11,MSFT,250,262.48,Sell
07/05/2022,19:55:11,AMD,250,75.01,Sell
07/05/2022,19:56:11,MSFT,250,262.30,Buy
07/05/2022,19:56:11,AMD,250,74.90,Buy
07/05/2022,19:56:11,AMD,250,74.91,Sell
07/05/2022,19:57:11,AMD,250,74.95,Buy
07/05/2022,19:57:11,META,250,167.98,Sell
07/05/2022,19:58:11,TSLA,250,698.20,Sell
07/05/2022,19:58:11,META,250,168.03,Buy
07/05/2022,19:58:11,AMZN,250,113.42,Buy
07/05/2022,19:59:10,AAPL,250,141.40,Sell
07/05/2022,19:59:11,TSLA,250,698.31,Sell
07/05/2022,19:59:11,MSFT,250,262.57,Sell
07/05/2022,20:00:09,GOOG,250,2286.46,Sell
07/05/2022,20:01:11,AMZN,250,113.54,Sell
07/05/2022,20:01:31,AMZN,250,113.54,Sell
07/05/2022,20:01:54,AAPL,250,141.56,Sell
07/05/2022,20:02:10,TSLA,250,698.40,Sell
07/05/2022,20:03:10,AAPL,250,141.55,Sell
07/05/2022,20:06:11,META,250,168.30,Sell
07/05/2022,20:06:11,AMD,250,75.07,Sell
07/05/2022,20:07:11,MSFT,250,262.77,Sell
07/05/2022,20:08:58,GOOG,250,2282.97,Sell
07/05/2022,20:09:49,GOOG,250,2279.98,Sell
07/05/2022,20:10:08,META,250,168.35,Sell
07/05/2022,20:10:31,AMD,250,75.08,Sell
07/05/2022,20:11:11,MSFT,250,262.84,Sell
07/05/2022,20:11:15,AMZN,250,113.37,Sell
07/05/2022,20:11:53,AMD,250,75.10,Sell
07/05/2022,20:13:06,META,250,168.19,Sell
07/06/2022,13:30:11,TSLA,250,694.35,Buy
07/06/2022,13:30:11,AMD,250,75.22,Buy
07/06/2022,13:30:11,AAPL,250,141.59,Buy
07/06/2022,13:31:11,AMZN,250,113.25,Buy
07/06/2022,13:31:11,TSLA,250,694.57,Buy
07/06/2022,13:32:11,AMD,250,75.27,Buy
07/06/2022,13:32:11,MSFT,250,263.33,Buy
07/06/2022,13:32:11,GOOG,250,2274.80,Buy
07/06/2022,13:32:11,AAPL,250,141.62,Buy
07/06/2022,13:33:11,GOOG,250,2282.21,Buy
07/06/2022,13:33:11,META,250,168.24,Buy
07/06/2022,13:33:11,AAPL,250,142.28,Buy
07/06/2022,13:34:11,AMD,250,75.13,Buy
07/06/2022,13:35:11,MSFT,250,263.49,Buy
07/06/2022,13:39:11,META,250,166.09,Buy
07/06/2022,13:39:11,TSLA,250,689.29,Buy
07/06/2022,13:39:11,AMZN,250,112.22,Buy
07/06/2022,13:39:11,GOOG,250,2258.58,Buy
07/06/2022,13:40:11,AMZN,250,112.50,Buy
07/06/2022,13:42:11,MSFT,250,263.57,Buy
07/06/2022,13:43:11,META,250,167.02,Buy
07/06/2022,13:45:11,AAPL,250,142.16,Sell
07/06/2022,13:45:11,TSLA,250,689.88,Sell
07/06/2022,13:45:11,AMD,250,74.80,Sell
07/06/2022,13:46:11,TSLA,250,685.74,Sell
07/06/2022,13:46:11,AMZN,250,112.59,Sell
07/06/2022,13:47:11,TSLA,250,684.06,Buy
07/06/2022,13:47:11,MSFT,250,262.70,Sell
07/06/2022,13:47:11,AMD,250,74.25,Sell
07/06/2022,13:47:11,AAPL,250,141.60,Sell
07/06/2022,13:47:11,GOOG,250,2249.56,Sell
07/06/2022,13:48:10,GOOG,250,2249.24,Buy
07/06/2022,13:48:10,GOOG,250,2250.85,Sell
07/06/2022,13:48:11,TSLA,250,683.30,Buy
07/06/2022,13:48:11,META,250,165.69,Sell
07/06/2022,13:48:11,AAPL,250,141.75,Buy
07/06/2022,13:48:11,AAPL,250,141.77,Sell
07/06/2022,13:49:11,GOOG,250,2255.56,Buy
07/06/2022,13:49:11,META,250,165.80,Buy
07/06/2022,13:49:11,AMD,250,74.14,Buy
07/06/2022,13:49:11,AMD,250,74.16,Sell
07/06/2022,13:50:11,MSFT,250,263.30,Buy
07/06/2022,13:50:11,MSFT,250,263.37,Sell
07/06/2022,13:50:11,AAPL,250,141.75,Buy
07/06/2022,13:50:11,AMZN,250,112.24,Buy
07/06/2022,13:51:11,MSFT,250,263.74,Buy
07/06/2022,13:51:11,AAPL,250,141.90,Buy
07/06/2022,13:51:11,AMD,250,74.24,Buy
07/06/2022,13:52:11,AMD,250,73.93,Buy
07/06/2022,13:54:11,META,250,166.70,Sell
07/06/2022,13:54:11,AMZN,250,113.11,Sell
07/06/2022,13:54:11,GOOG,250,2267.62,Sell
07/06/2022,13:54:11,TSLA,250,686.70,Sell
07/06/2022,13:55:11,META,250,166.81,Buy
07/06/2022,13:55:11,AMZN,250,113.21,Buy
07/06/2022,13:55:11,AMZN,250,113.24,Sell
07/06/2022,13:55:11,TSLA,250,685.12,Buy
07/06/2022,13:56:11,AMZN,250,113.41,Buy
07/06/2022,13:57:11,MSFT,250,264.85,Sell
07/06/2022,13:58:11,GOOG,250,2273.45,Buy
07/06/2022,13:58:11,META,250,167.61,Sell
07/06/2022,13:58:11,MSFT,250,264.94,Buy
07/06/2022,14:00:11,META,250,167.42,Buy
07/06/2022,14:02:11,TSLA,250,686.14,Sell
07/06/2022,14:03:11,GOOG,250,2272.46,Sell
07/06/2022,14:03:11,TSLA,250,689.38,Buy
07/06/2022,14:03:11,TSLA,250,690.00,Sell
07/06/2022,14:03:11,AAPL,250,142.48,Sell
07/06/2022,14:04:11,META,250,167.02,Sell
07/06/2022,14:04:11,GOOG,250,2273.01,Sell
07/06/2022,14:04:11,AMD,250,74.06,Sell
07/06/2022,14:05:11,META,250,166.73,Buy
07/06/2022,14:05:11,AMZN,250,112.91,Sell
07/06/2022,14:05:11,TSLA,250,689.00,Buy
07/06/2022,14:05:11,AAPL,250,142.53,Buy
07/06/2022,14:05:11,AAPL,250,142.54,Sell
07/06/2022,14:05:11,MSFT,250,264.40,Sell
07/06/2022,14:06:11,MSFT,250,265.19,Sell
07/06/2022,14:06:11,AMD,250,74.18,Sell
07/06/2022,14:06:11,AAPL,250,142.88,Sell
07/06/2022,14:07:11,AAPL,250,142.83,Buy
07/06/2022,14:07:11,AMD,250,74.02,Buy
07/06/2022,14:07:11,AMD,250,74.04,Sell
07/06/2022,14:07:11,MSFT,250,264.89,Buy
07/06/2022,14:08:11,AMD,250,74.36,Buy
07/06/2022,14:09:11,GOOG,250,2287.15,Buy
07/06/2022,14:10:11,AAPL,250,143.69,Buy
07/06/2022,14:10:11,AMZN,250,113.80,Buy
07/06/2022,14:10:11,AMZN,250,113.83,Sell
07/06/2022,14:10:11,TSLA,250,695.72,Sell
07/06/2022,14:10:11,MSFT,250,266.05,Buy
07/06/2022,14:10:11,META,250,167.74,Sell
07/06/2022,14:11:11,AMZN,250,113.55,Buy
07/06/2022,14:11:11,AMZN,250,113.58,Sell
07/06/2022,14:12:11,GOOG,250,2283.73,Buy
07/06/2022,14:12:11,AMD,250,74.31,Buy
07/06/2022,14:12:11,AMZN,250,113.59,Buy
07/06/2022,14:13:11,GOOG,250,2283.00,Sell
07/06/2022,14:13:11,MSFT,250,265.23,Sell
07/06/2022,14:15:11,META,250,166.52,Buy
07/06/2022,14:15:11,META,250,166.60,Sell
07/06/2022,14:15:11,GOOG,250,2277.61,Buy
07/06/2022,14:15:11,MSFT,250,264.56,Buy
07/06/2022,14:16:11,META,250,166.40,Buy
07/06/2022,14:17:11,TSLA,250,689.35,Buy
07/06/2022,14:18:11,TSLA,250,688.77,Sell
07/06/2022,14:20:11,TSLA,250,689.36,Sell
07/06/2022,14:20:11,META,250,166.74,Sell
07/06/2022,14:20:11,AAPL,250,142.87,Sell
07/06/2022,14:21:11,TSLA,250,688.23,Buy
07/06/2022,14:21:11,AAPL,250,142.84,Buy
07/06/2022,14:22:11,MSFT,250,264.00,Sell
07/06/2022,14:22:11,AAPL,250,142.59,Sell
07/06/2022,14:22:11,AMD,250,73.69,Sell
07/06/2022,14:23:11,TSLA,250,687.94,Buy
07/06/2022,14:23:11,AMD,250,73.77,Sell
07/06/2022,14:24:11,GOOG,250,2290.10,Sell
07/06/2022,14:25:11,AMZN,250,112.77,Sell
07/06/2022,14:25:11,AAPL,250,142.65,Sell
07/06/2022,14:25:11,MSFT,250,264.15,Buy
07/06/2022,14:25:11,MSFT,250,264.21,Sell
07/06/2022,14:25:11,AMD,250,73.76,Buy
07/06/2022,14:26:11,GOOG,250,2282.75,Buy
07/06/2022,14:26:11,MSFT,250,264.40,Buy
07/06/2022,14:26:11,META,250,166.64,Buy
07/06/2022,14:26:11,AMZN,250,112.96,Sell
07/06/2022,14:27:11,GOOG,250,2290.60,Sell
07/06/2022,14:27:11,AMD,250,74.00,Sell
07/06/2022,14:27:11,AAPL,250,142.82,Buy
07/06/2022,14:27:11,AMZN,250,113.26,Buy
07/06/2022,14:27:11,AMZN,250,113.28,Sell
07/06/2022,14:28:11,AMZN,250,113.16,Buy
07/06/2022,14:28:11,AMD,250,73.96,Buy
07/06/2022,14:29:11,AMZN,250,113.09,Buy
07/06/2022,14:29:11,AMD,250,73.91,Buy
07/06/2022,14:30:11,GOOG,250,2284.73,Buy
07/06/2022,14:30:11,GOOG,250,2286.88,Sell
07/06/2022,14:30:11,META,250,166.95,Sell
07/06/2022,14:30:11,AAPL,250,142.67,Buy
07/06/2022,14:30:11,MSFT,250,264.51,Sell
07/06/2022,14:31:11,META,250,167.09,Sell
07/06/2022,14:31:11,MSFT,250,264.57,Buy
07/06/2022,14:32:11,GOOG,250,2287.95,Buy
07/06/2022,14:32:11,TSLA,250,690.32,Sell
07/06/2022,14:33:11,TSLA,250,687.35,Buy
07/06/2022,14:35:11,META,250,167.06,Buy
07/06/2022,14:36:11,TSLA,250,686.97,Sell
07/06/2022,14:36:11,META,250,166.99,Buy
07/06/2022,14:36:11,AAPL,250,142.57,Sell
07/06/2022,14:37:11,AAPL,250,142.58,Buy
07/06/2022,14:38:11,TSLA,250,686.48,Sell
07/06/2022,14:39:11,TSLA,250,687.92,Buy
07/06/2022,14:40:11,MSFT,250,264.58,Sell
07/06/2022,14:40:11,AMD,250,73.98,Sell
07/06/2022,14:41:11,GOOG,250,2284.91,Sell
07/06/2022,14:41:11,MSFT,250,264.45,Sell
07/06/2022,14:41:11,META,250,167.25,Sell
07/06/2022,14:42:11,GOOG,250,2283.59,Buy
07/06/2022,14:42:11,TSLA,250,687.81,Buy
07/06/2022,14:42:11,AMZN,250,113.76,Sell
07/06/2022,14:42:11,AAPL,250,142.48,Sell
07/06/2022,14:43:11,AMZN,250,114.11,Sell
07/06/2022,14:43:11,AAPL,250,142.69,Buy
07/06/2022,14:43:11,MSFT,250,264.75,Buy
07/06/2022,14:43:11,AMD,250,74.30,Sell
07/06/2022,14:44:11,AMZN,250,114.18,Sell
07/06/2022,14:44:11,AMD,250,74.38,Sell
07/06/2022,14:45:11,GOOG,250,2293.37,Sell
07/06/2022,14:45:11,AMD,250,74.44,Buy
07/06/2022,14:45:11,AAPL,250,142.94,Sell
07/06/2022,14:46:11,META,250,167.92,Buy
07/06/2022,14:46:11,MSFT,250,265.13,Buy
07/06/2022,14:46:11,MSFT,250,265.17,Sell
07/06/2022,14:46:11,AMZN,250,114.23,Buy
07/06/2022,14:46:11,AMD,250,74.58,Buy
07/06/2022,14:47:11,GOOG,250,2290.85,Sell
07/06/2022,14:48:11,MSFT,250,264.79,Buy
07/06/2022,14:48:11,AMD,250,74.47,Buy
07/06/2022,14:48:11,TSLA,250,693.56,Sell
07/06/2022,14:48:11,AAPL,250,142.77,Buy
07/06/2022,14:48:11,AMZN,250,114.12,Buy
07/06/2022,14:49:11,AMZN,250,113.95,Buy
07/06/2022,14:49:11,TSLA,250,692.20,Buy
07/06/2022,14:49:11,GOOG,250,2286.26,Buy
07/06/2022,14:50:11,META,250,167.49,Sell
07/06/2022,14:51:11,META,250,167.45,Buy
07/06/2022,14:51:11,META,250,167.50,Sell
07/06/2022,14:51:11,GOOG,250,2288.29,Buy
07/06/2022,14:52:11,AAPL,250,142.46,Sell
07/06/2022,14:52:11,META,250,167.68,Buy
07/06/2022,14:53:11,AAPL,250,142.35,Buy
07/06/2022,14:54:11,TSLA,250,693.38,Sell
07/06/2022,14:57:11,TSLA,250,692.03,Buy
07/06/2022,14:57:11,TSLA,250,692.45,Sell
07/06/2022,14:57:11,GOOG,250,2289.74,Sell
07/06/2022,14:58:10,MSFT,250,264.75,Sell
07/06/2022,14:58:11,AAPL,250,142.21,Sell
07/06/2022,14:59:11,AAPL,250,142.30,Buy
07/06/2022,15:00:10,TSLA,250,693.79,Buy
07/06/2022,15:00:11,AMD,250,75.01,Sell
07/06/2022,15:01:11,GOOG,250,2289.43,Buy
07/06/2022,15:01:11,AMZN,250,113.89,Sell
07/06/2022,15:01:11,META,250,167.64,Sell
07/06/2022,15:01:11,MSFT,250,264.81,Buy
07/06/2022,15:01:11,MSFT,250,264.86,Sell
07/06/2022,15:01:11,AMD,250,74.90,Buy
07/06/2022,15:01:11,AMD,250,74.92,Sell
07/06/2022,15:02:11,AMZN,250,113.88,Buy
07/06/2022,15:03:11,AMZN,250,113.71,Sell
07/06/2022,15:03:11,MSFT,250,264.53,Sell
07/06/2022,15:03:11,AAPL,250,142.09,Sell
07/06/2022,15:03:11,AMD,250,74.72,Sell
07/06/2022,15:04:11,GOOG,250,2284.63,Sell
07/06/2022,15:04:11,AMZN,250,113.16,Sell
07/06/2022,15:04:11,TSLA,250,690.50,Sell
07/06/2022,15:05:09,META,250,167.11,Buy
07/06/2022,15:05:11,TSLA,250,691.32,Buy
07/06/2022,15:05:11,MSFT,250,264.15,Buy
07/06/2022,15:05:11,AMD,250,74.53,Buy
07/06/2022,15:05:11,AMZN,250,113.36,Buy
07/06/2022,15:06:11,GOOG,250,2282.98,Buy
07/06/2022,15:06:11,GOOG,250,2286.00,Sell
07/06/2022,15:06:11,META,250,167.38,Sell
07/06/2022,15:06:11,AMZN,250,113.45,Buy
07/06/2022,15:06:11,AMD,250,74.53,Buy
07/06/2022,15:07:11,META,250,167.48,Sell
07/06/2022,15:08:10,GOOG,250,2282.50,Buy
07/06/2022,15:08:11,META,250,167.49,Buy
07/06/2022,15:08:11,AAPL,250,141.65,Sell
07/06/2022,15:09:11,META,250,167.71,Buy
07/06/2022,15:09:11,MSFT,250,264.37,Buy
07/06/2022,15:09:11,AAPL,250,141.70,Buy
07/06/2022,15:12:11,TSLA,250,690.32,Sell
07/06/2022,15:12:11,AAPL,250,141.43,Buy
07/06/2022,15:14:11,AAPL,250,141.30,Sell
07/06/2022,15:15:11,TSLA,250,690.98,Sell
07/06/2022,15:15:11,AAPL,250,141.46,Buy
07/06/2022,15:16:11,MSFT,250,264.29,Sell
07/06/2022,15:16:11,GOOG,250,2286.62,Sell
07/06/2022,15:16:11,AMD,250,74.29,Sell
07/06/2022,15:17:11,GOOG,250,2285.05,Buy
07/06/2022,15:17:11,MSFT,250,264.41,Buy
07/06/2022,15:17:11,AMZN,250,113.60,Sell
07/06/2022,15:18:11,AMZN,250,113.57,Buy
07/06/2022,15:20:11,META,250,168.40,Sell
07/06/2022,15:20:11,TSLA,250,692.50,Buy
07/06/2022,15:20:11,TSLA,250,693.15,Sell
07/06/2022,15:20:11,AMZN,250,113.66,Sell
07/06/2022,15:20:11,AMD,250,74.56,Sell
07/06/2022,15:20:11,MSFT,250,264.53,Sell
07/06/2022,15:21:10,GOOG,250,2288.00,Sell
07/06/2022,15:21:11,AMZN,250,113.63,Buy
07/06/2022,15:21:11,AMZN,250,113.65,Sell
07/06/2022,15:21:11,AMD,250,74.47,Sell
07/06/2022,15:21:11,META,250,168.38,Buy
07/06/2022,15:22:11,MSFT,250,264.47,Buy
07/06/2022,15:22:11,AMZN,250,113.55,Buy
07/06/2022,15:22:11,TSLA,250,691.52,Buy
07/06/2022,15:23:11,META,250,167.97,Sell
07/06/2022,15:23:11,GOOG,250,2286.40,Sell
07/06/2022,15:24:11,GOOG,250,2285.32,Buy
07/06/2022,15:24:11,AAPL,250,141.82,Sell
07/06/2022,15:24:11,META,250,168.19,Buy
07/06/2022,15:24:11,META,250,168.25,Sell
07/06/2022,15:24:11,AMD,250,74.40,Buy
07/06/2022,15:24:11,MSFT,250,264.47,Sell
07/06/2022,15:24:11,TSLA,250,690.92,Buy
07/06/2022,15:25:11,META,250,168.10,Buy
07/06/2022,15:26:11,AAPL,250,141.75,Buy
07/06/2022,15:27:11,AAPL,250,141.64,Sell
07/06/2022,15:29:11,MSFT,250,263.62,Buy
07/06/2022,15:30:11,AMD,250,74.15,Buy
07/06/2022,15:30:11,AAPL,250,141.51,Sell
07/06/2022,15:32:11,GOOG,250,2276.63,Buy
07/06/2022,15:32:11,GOOG,250,2278.98,Sell
07/06/2022,15:32:11,AMD,250,74.06,Buy
07/06/2022,15:32:11,MSFT,250,263.32,Sell
07/06/2022,15:32:11,AAPL,250,141.25,Buy
07/06/2022,15:33:11,AMZN,250,112.86,Sell
07/06/2022,15:34:11,AAPL,250,141.21,Buy
07/06/2022,15:35:11,TSLA,250,684.18,Sell
07/06/2022,15:36:11,META,250,166.91,Sell
07/06/2022,15:36:11,MSFT,250,263.22,Buy
07/06/2022,15:36:11,AMZN,250,112.96,Buy
07/06/2022,15:36:11,AMZN,250,112.99,Sell
07/06/2022,15:37:11,MSFT,250,263.29,Sell
07/06/2022,15:37:11,TSLA,250,684.56,Buy
07/06/2022,15:37:11,TSLA,250,684.90,Sell
07/06/2022,15:37:11,AMZN,250,113.01,Buy
07/06/2022,15:37:11,AMZN,250,113.03,Sell
07/06/2022,15:38:11,MSFT,250,263.27,Buy
07/06/2022,15:39:11,GOOG,250,2279.98,Sell
07/06/2022,15:39:11,TSLA,250,683.83,Sell
07/06/2022,15:39:11,AMD,250,74.06,Sell
07/06/2022,15:39:11,META,250,166.98,Buy
07/06/2022,15:39:11,META,250,167.03,Sell
07/06/2022,15:40:11,TSLA,250,682.73,Buy
07/06/2022,15:40:11,AMZN,250,112.86,Buy
07/06/2022,15:40:11,META,250,167.05,Sell
07/06/2022,15:41:11,AMD,250,74.09,Buy
07/06/2022,15:41:11,AAPL,250,141.32,Sell
07/06/2022,15:42:11,TSLA,250,682.75,Buy
07/06/2022,15:42:11,AAPL,250,141.27,Buy
07/06/2022,15:43:11,GOOG,250,2276.21,Buy
07/06/2022,15:44:11,GOOG,250,2275.73,Buy
07/06/2022,15:44:11,MSFT,250,263.13,Sell
07/06/2022,15:45:11,META,250,166.55,Buy
07/06/2022,15:45:11,AMD,250,74.11,Sell
07/06/2022,15:46:11,META,250,166.98,Buy
07/06/2022,15:47:10,GOOG,250,2279.51,Sell
07/06/2022,15:47:11,AAPL,250,141.46,Sell
07/06/2022,15:47:11,AMD,250,74.28,Buy
07/06/2022,15:47:11,AMD,250,74.29,Sell
07/06/2022,15:48:11,AAPL,250,141.54,Buy
07/06/2022,15:49:11,AMD,250,74.37,Buy
07/06/2022,15:49:11,AAPL,250,141.60,Sell
07/06/2022,15:50:11,MSFT,250,263.49,Buy
07/06/2022,15:51:10,GOOG,250,2276.18,Buy
07/06/2022,15:51:11,MSFT,250,263.78,Sell
07/06/2022,15:51:11,AMZN,250,112.94,Sell
07/06/2022,15:52:11,TSLA,250,683.57,Sell
07/06/2022,15:52:11,AMZN,250,112.82,Buy
07/06/2022,15:52:11,AMZN,250,112.84,Sell
07/06/2022,15:52:11,AAPL,250,141.48,Buy
07/06/2022,15:52:11,MSFT,250,263.73,Buy
07/06/2022,15:53:11,TSLA,250,682.80,Buy
07/06/2022,15:53:11,MSFT,250,263.68,Sell
07/06/2022,15:54:11,AMZN,250,112.87,Buy
07/06/2022,15:54:11,MSFT,250,263.75,Buy
07/06/2022,15:54:11,META,250,166.98,Sell
07/06/2022,15:55:11,TSLA,250,683.00,Sell
07/06/2022,15:55:11,AMZN,250,112.85,Sell
07/06/2022,15:56:11,TSLA,250,682.90,Buy
07/06/2022,15:56:11,AMD,250,74.19,Sell
07/06/2022,15:57:11,AMZN,250,112.91,Buy
07/06/2022,15:57:11,AAPL,250,141.59,Sell
07/06/2022,15:57:11,META,250,167.07,Buy
07/06/2022,15:57:11,TSLA,250,684.25,Sell
07/06/2022,15:58:11,GOOG,250,2281.50,Sell
07/06/2022,15:59:11,GOOG,250,2279.94,Sell
07/06/2022,16:00:11,TSLA,250,684.16,Buy
07/06/2022,16:00:11,AMD,250,74.22,Buy
07/06/2022,16:00:11,META,250,167.06,Sell
07/06/2022,16:00:11,AAPL,250,141.68,Buy
07/06/2022,16:01:11,META,250,166.87,Buy
07/06/2022,16:01:11,META,250,166.92,Sell
07/06/2022,16:02:11,META,250,166.91,Buy
07/06/2022,16:02:11,AMD,250,74.26,Sell
07/06/2022,16:03:11,GOOG,250,2276.00,Buy
07/06/2022,16:03:11,AAPL,250,141.65,Sell
07/06/2022,16:04:11,AAPL,250,141.65,Buy
07/06/2022,16:04:11,AMD,250,74.27,Buy
07/06/2022,16:04:11,AMD,250,74.28,Sell
07/06/2022,16:05:11,MSFT,250,264.16,Sell
07/06/2022,16:06:10,GOOG,250,2274.73,Buy
07/06/2022,16:06:10,GOOG,250,2277.37,Sell
07/06/2022,16:07:11,AMZN,250,113.12,Sell
07/06/2022,16:07:11,MSFT,250,264.39,Sell
07/06/2022,16:07:11,AAPL,250,141.79,Sell
07/06/2022,16:07:11,AMD,250,74.30,Buy
07/06/2022,16:08:11,TSLA,250,685.19,Sell
07/06/2022,16:09:09,TSLA,250,685.06,Buy
07/06/2022,16:09:11,AMZN,250,113.10,Buy
07/06/2022,16:09:11,AMZN,250,113.12,Sell
07/06/2022,16:09:11,GOOG,250,2276.16,Buy
07/06/2022,16:09:11,MSFT,250,264.31,Sell
07/06/2022,16:10:11,AMZN,250,113.02,Buy
07/06/2022,16:10:11,AAPL,250,141.76,Buy
07/06/2022,16:10:11,MSFT,250,264.25,Buy
07/06/2022,16:11:11,TSLA,250,685.53,Sell
07/06/2022,16:11:11,MSFT,250,264.24,Buy
07/06/2022,16:12:11,AMZN,250,113.14,Sell
07/06/2022,16:12:11,META,250,167.07,Sell
07/06/2022,16:13:11,AMZN,250,113.21,Buy
07/06/2022,16:13:11,META,250,167.17,Buy
07/06/2022,16:13:11,MSFT,250,264.42,Buy
07/06/2022,16:15:11,AAPL,250,142.00,Sell
07/06/2022,16:15:11,TSLA,250,688.00,Buy
07/06/2022,16:15:11,TSLA,250,688.26,Sell
07/06/2022,16:15:11,AMD,250,74.61,Sell
07/06/2022,16:16:11,META,250,167.31,Sell
07/06/2022,16:16:11,AAPL,250,141.86,Buy
07/06/2022,16:17:11,META,250,167.50,Sell
07/06/2022,16:17:11,AMD,250,74.60,Buy
07/06/2022,16:18:11,GOOG,250,2284.04,Sell
07/06/2022,16:19:11,AMD,250,74.51,Sell
07/06/2022,16:19:11,AAPL,250,141.85,Sell
07/06/2022,16:20:11,GOOG,250,2282.55,Buy
07/06/2022,16:20:11,TSLA,250,686.29,Buy
07/06/2022,16:20:11,AAPL,250,141.86,Buy
07/06/2022,16:20:11,AMD,250,74.55,Buy
07/06/2022,16:21:11,GOOG,250,2283.80,Sell
07/06/2022,16:22:11,AMD,250,74.50,Sell
07/06/2022,16:23:11,META,250,167.34,Buy
07/06/2022,16:23:11,AMD,250,74.61,Buy
07/06/2022,16:24:10,GOOG,250,2284.07,Sell
07/06/2022,16:24:11,META,250,167.08,Buy
07/06/2022,16:24:11,TSLA,250,686.06,Sell
07/06/2022,16:24:11,AMZN,250,113.43,Sell
07/06/2022,16:25:11,AMZN,250,113.31,Sell
07/06/2022,16:25:11,MSFT,250,264.22,Sell
07/06/2022,16:25:11,AAPL,250,141.74,Sell
07/06/2022,16:26:11,MSFT,250,264.27,Buy
07/06/2022,16:26:11,MSFT,250,264.28,Sell
07/06/2022,16:26:11,AMZN,250,113.29,Buy
07/06/2022,16:26:11,AAPL,250,141.80,Buy
07/06/2022,16:27:11,TSLA,250,685.27,Buy
07/06/2022,16:28:11,MSFT,250,264.26,Sell
07/06/2022,16:28:11,META,250,167.29,Sell
07/06/2022,16:28:11,AMZN,250,113.39,Sell
07/06/2022,16:29:11,AMZN,250,113.40,Buy
07/06/2022,16:29:11,MSFT,250,264.23,Buy
07/06/2022,16:30:11,AMZN,250,113.50,Buy
07/06/2022,16:30:11,TSLA,250,686.18,Sell
07/06/2022,16:31:11,META,250,167.36,Buy
07/06/2022,16:31:11,AAPL,250,141.89,Sell
07/06/2022,16:31:11,MSFT,250,264.30,Buy
07/06/2022,16:32:11,TSLA,250,686.50,Buy
07/06/2022,16:32:11,AMD,250,74.53,Sell
07/06/2022,16:32:11,AAPL,250,141.84,Buy
07/06/2022,16:34:11,AMD,250,74.49,Buy
07/06/2022,16:35:11,GOOG,250,2288.17,Sell
07/06/2022,16:35:11,TSLA,250,687.38,Sell
07/06/2022,16:35:11,AAPL,250,141.86,Sell
07/06/2022,16:35:11,AMD,250,74.54,Sell
07/06/2022,16:37:11,GOOG,250,2289.81,Buy
07/06/2022,16:37:11,AAPL,250,141.94,Buy
07/06/2022,16:38:11,META,250,167.84,Sell
07/06/2022,16:38:11,TSLA,250,687.14,Buy
07/06/2022,16:38:11,AMD,250,74.63,Buy
07/06/2022,16:38:11,AMD,250,74.64,Sell
07/06/2022,16:39:11,META,250,167.69,Sell
07/06/2022,16:40:11,AMD,250,74.55,Buy
07/06/2022,16:41:11,AMZN,250,113.46,Sell
07/06/2022,16:41:11,AAPL,250,141.83,Sell
07/06/2022,16:41:11,MSFT,250,263.99,Sell
07/06/2022,16:42:11,META,250,167.83,Buy
07/06/2022,16:42:11,TSLA,250,687.54,Sell
07/06/2022,16:42:11,MSFT,250,264.18,Buy
07/06/2022,16:42:11,AMZN,250,113.53,Buy
07/06/2022,16:42:11,AAPL,250,141.87,Buy
07/06/2022,16:44:10,TSLA,250,688.22,Buy
07/06/2022,16:44:11,AMZN,250,113.60,Sell
07/06/2022,16:44:11,MSFT,250,264.38,Sell
07/06/2022,16:45:10,GOOG,250,2288.21,Buy
07/06/2022,16:45:11,AMZN,250,113.62,Sell
07/06/2022,16:46:11,MSFT,250,264.34,Buy
07/06/2022,16:46:11,MSFT,250,264.36,Sell
07/06/2022,16:46:11,AMZN,250,113.57,Buy
07/06/2022,16:46:11,META,250,168.06,Sell
07/06/2022,16:47:10,AMZN,250,113.55,Buy
07/06/2022,16:47:11,TSLA,250,688.00,Sell
07/06/2022,16:47:11,AAPL,250,141.97,Sell
07/06/2022,16:48:11,GOOG,250,2287.29,Buy
07/06/2022,16:48:11,AAPL,250,141.92,Buy
07/06/2022,16:49:09,AMD,250,74.59,Sell
07/06/2022,16:49:11,MSFT,250,264.32,Buy
07/06/2022,16:50:11,AMD,250,74.52,Buy
07/06/2022,16:50:11,META,250,168.09,Buy
07/06/2022,16:50:11,TSLA,250,686.00,Buy
07/06/2022,16:51:11,META,250,168.13,Buy
07/06/2022,16:52:08,GOOG,250,2287.41,Sell
07/06/2022,16:52:11,AAPL,250,141.74,Sell
07/06/2022,16:53:11,TSLA,250,685.44,Sell
07/06/2022,16:53:11,AMD,250,74.38,Sell
07/06/2022,16:54:11,AAPL,250,141.73,Buy
07/06/2022,16:54:11,TSLA,250,685.72,Buy
07/06/2022,16:55:11,AMD,250,74.43,Buy
07/06/2022,16:55:11,AMD,250,74.44,Sell
07/06/2022,16:56:11,AMD,250,74.40,Buy
07/06/2022,16:57:11,META,250,168.08,Sell
07/06/2022,16:57:11,MSFT,250,264.22,Sell
07/06/2022,16:57:11,GOOG,250,2285.12,Buy
07/06/2022,16:57:11,AAPL,250,141.77,Sell
07/06/2022,16:57:11,AMZN,250,113.54,Sell
07/06/2022,16:58:11,MSFT,250,264.34,Buy
07/06/2022,16:59:11,TSLA,250,687.38,Sell
07/06/2022,17:00:05,GOOG,250,2289.40,Sell
07/06/2022,17:00:11,META,250,168.33,Buy
07/06/2022,17:00:11,AAPL,250,141.92,Buy
07/06/2022,17:01:11,MSFT,250,264.65,Sell
07/06/2022,17:01:11,GOOG,250,2289.28,Buy
07/06/2022,17:01:11,AMZN,250,113.87,Sell
07/06/2022,17:02:11,MSFT,250,264.77,Buy
07/06/2022,17:02:11,AMZN,250,113.81,Buy
07/06/2022,17:02:11,AMZN,250,113.83,Sell
07/06/2022,17:03:11,GOOG,250,2291.93,Sell
07/06/2022,17:03:11,TSLA,250,688.01,Buy
07/06/2022,17:03:11,AAPL,250,142.08,Sell
07/06/2022,17:04:11,AMZN,250,113.97,Buy
07/06/2022,17:04:11,AAPL,250,142.07,Buy
07/06/2022,17:04:11,MSFT,250,264.90,Sell
07/06/2022,17:05:11,AMZN,250,113.94,Buy
07/06/2022,17:05:11,META,250,168.46,Sell
07/06/2022,17:05:11,AMD,250,74.53,Sell
07/06/2022,17:05:11,TSLA,250,688.00,Sell
07/06/2022,17:06:10,GOOG,250,2291.31,Buy
07/06/2022,17:06:10,META,250,168.50,Sell
07/06/2022,17:06:11,AMD,250,74.54,Buy
07/06/2022,17:08:11,MSFT,250,264.92,Buy
07/06/2022,17:09:11,TSLA,250,689.16,Sell
07/06/2022,17:09:11,AAPL,250,142.30,Sell
07/06/2022,17:10:10,META,250,168.80,Buy
07/06/2022,17:10:11,TSLA,250,689.97,Buy
07/06/2022,17:10:11,AMD,250,74.74,Sell
07/06/2022,17:11:11,AMD,250,74.70,Sell
07/06/2022,17:11:11,TSLA,250,689.91,Buy
07/06/2022,17:12:10,GOOG,250,2291.66,Sell
07/06/2022,17:12:11,AAPL,250,142.30,Buy
07/06/2022,17:12:11,META,250,168.81,Buy
07/06/2022,17:13:11,GOOG,250,2291.26,Buy
07/06/2022,17:13:11,MSFT,250,265.08,Sell
07/06/2022,17:14:11,MSFT,250,264.96,Buy
07/06/2022,17:15:11,AAPL,250,142.31,Sell
07/06/2022,17:15:11,META,250,168.82,Sell
07/06/2022,17:16:10,GOOG,250,2291.80,Sell
07/06/2022,17:16:11,AMD,250,74.81,Buy
07/06/2022,17:16:11,AAPL,250,142.28,Buy
07/06/2022,17:17:11,AMZN,250,114.20,Sell
07/06/2022,17:17:11,MSFT,250,264.84,Sell
07/06/2022,17:18:11,AMD,250,74.81,Buy
07/06/2022,17:18:11,TSLA,250,690.25,Sell
07/06/2022,17:18:11,AMZN,250,114.25,Buy
07/06/2022,17:19:09,GOOG,250,2291.40,Buy
07/06/2022,17:19:11,META,250,168.95,Buy
07/06/2022,17:19:11,AMZN,250,114.28,Sell
07/06/2022,17:19:11,AAPL,250,142.34,Sell
07/06/2022,17:20:11,AMZN,250,114.34,Sell
07/06/2022,17:20:11,AAPL,250,142.34,Buy
07/06/2022,17:21:10,GOOG,250,2292.96,Sell
07/06/2022,17:21:11,AMD,250,74.81,Sell
07/06/2022,17:21:11,MSFT,250,265.06,Buy
07/06/2022,17:23:11,MSFT,250,265.19,Sell
07/06/2022,17:24:11,AMZN,250,114.28,Buy
07/06/2022,17:24:11,MSFT,250,265.18,Buy
07/06/2022,17:25:11,META,250,168.89,Sell
07/06/2022,17:25:11,TSLA,250,689.15,Buy
07/06/2022,17:25:11,TSLA,250,689.88,Sell
07/06/2022,17:26:11,AMD,250,74.92,Buy
07/06/2022,17:26:11,TSLA,250,689.39,Sell
07/06/2022,17:27:11,AAPL,250,142.22,Sell
07/06/2022,17:27:11,META,250,168.78,Sell
07/06/2022,17:28:11,GOOG,250,2290.01,Sell
07/06/2022,17:28:11,TSLA,250,688.84,Buy
07/06/2022,17:29:11,AMZN,250,114.19,Buy
07/06/2022,17:29:11,META,250,168.66,Buy
07/06/2022,17:29:11,AAPL,250,142.15,Buy
07/06/2022,17:29:11,MSFT,250,264.96,Sell
07/06/2022,17:29:11,TSLA,250,688.90,Buy
07/06/2022,17:30:09,GOOG,250,2289.13,Buy
07/06/2022,17:30:11,META,250,168.79,Buy
07/06/2022,17:31:11,AAPL,250,142.17,Sell
07/06/2022,17:31:11,AMD,250,74.90,Sell
07/06/2022,17:32:10,GOOG,250,2291.79,Buy
07/06/2022,17:32:11,MSFT,250,265.14,Buy
07/06/2022,17:32:11,AMD,250,74.95,Buy
07/06/2022,17:33:11,AMZN,250,114.30,Sell
07/06/2022,17:33:11,AAPL,250,142.22,Buy
07/06/2022,17:33:11,AMD,250,74.92,Sell
07/06/2022,17:34:11,GOOG,250,2292.03,Sell
07/06/2022,17:34:11,META,250,168.85,Sell
07/06/2022,17:35:11,AAPL,250,142.22,Sell
07/06/2022,17:35:11,META,250,168.83,Buy
07/06/2022,17:35:11,AMZN,250,114.25,Buy
07/06/2022,17:36:11,MSFT,250,265.01,Sell
07/06/2022,17:37:11,GOOG,250,2290.43,Buy
07/06/2022,17:37:11,AMD,250,74.89,Buy
07/06/2022,17:38:11,AAPL,250,142.24,Buy
07/06/2022,17:39:11,MSFT,250,265.10,Buy
07/06/2022,17:39:11,MSFT,250,265.12,Sell
07/06/2022,17:39:11,AMZN,250,114.31,Sell
07/06/2022,17:40:11,TSLA,250,690.58,Sell
07/06/2022,17:41:11,AMD,250,74.84,Sell
07/06/2022,17:42:11,AMD,250,74.87,Buy
07/06/2022,17:43:11,TSLA,250,689.67,Buy
07/06/2022,17:43:11,TSLA,250,689.92,Sell
07/06/2022,17:43:11,AMZN,250,114.13,Buy
07/06/2022,17:43:11,MSFT,250,264.83,Buy
07/06/2022,17:44:10,AMZN,250,114.35,Sell
07/06/2022,17:44:11,TSLA,250,690.76,Sell
07/06/2022,17:44:11,AAPL,250,142.50,Sell
07/06/2022,17:44:11,META,250,168.98,Sell
07/06/2022,17:45:11,TSLA,250,689.84,Buy
07/06/2022,17:45:11,AMZN,250,114.20,Buy
07/06/2022,17:45:11,GOOG,250,2291.11,Sell
07/06/2022,17:45:11,META,250,168.89,Sell
07/06/2022,17:45:11,AAPL,250,142.40,Buy
07/06/2022,17:46:11,TSLA,250,689.96,Buy
07/06/2022,17:47:10,GOOG,250,2292.53,Sell
07/06/2022,17:47:11,MSFT,250,265.25,Sell
07/06/2022,17:47:11,AMD,250,75.07,Sell
07/06/2022,17:47:11,META,250,169.01,Buy
07/06/2022,17:48:11,META,250,168.89,Buy
07/06/2022,17:48:11,AAPL,250,142.42,Sell
07/06/2022,17:49:11,MSFT,250,265.08,Buy
07/06/2022,17:50:11,AMZN,250,114.28,Sell
07/06/2022,17:50:11,AMD,250,75.08,Buy
07/06/2022,17:50:11,AAPL,250,142.44,Buy
07/06/2022,17:50:11,META,250,168.90,Sell
07/06/2022,17:52:08,AMZN,250,114.26,Buy
07/06/2022,17:52:11,GOOG,250,2293.34,Sell
07/06/2022,17:52:11,META,250,168.80,Buy
07/06/2022,17:52:11,AMD,250,75.00,Sell
07/06/2022,17:53:11,AAPL,250,142.44,Sell
07/06/2022,17:54:11,MSFT,250,264.99,Sell
07/06/2022,17:54:11,AAPL,250,142.42,Buy
07/06/2022,17:56:09,MSFT,250,265.02,Buy
07/06/2022,17:56:11,AMD,250,75.02,Buy
07/06/2022,17:57:11,GOOG,250,2292.25,Buy
07/06/2022,17:57:11,AMD,250,75.04,Sell
07/06/2022,17:58:11,MSFT,250,265.28,Sell
07/06/2022,17:58:11,AMZN,250,114.43,Sell
07/06/2022,17:58:11,TSLA,250,689.85,Sell
07/06/2022,17:59:11,GOOG,250,2293.58,Buy
07/06/2022,17:59:11,MSFT,250,265.22,Buy
07/06/2022,18:00:11,AMZN,250,114.13,Sell
07/06/2022,18:00:11,TSLA,250,688.88,Sell
07/06/2022,18:00:11,AAPL,250,142.29,Sell
07/06/2022,18:01:11,GOOG,250,2287.58,Buy
07/06/2022,18:01:11,TSLA,250,688.62,Sell
07/06/2022,18:02:11,TSLA,250,688.00,Buy
07/06/2022,18:02:11,META,250,168.95,Sell
07/06/2022,18:02:11,AMD,250,74.90,Buy
07/06/2022,18:02:11,AMZN,250,114.11,Buy
07/06/2022,18:02:11,AAPL,250,142.32,Buy
07/06/2022,18:03:11,META,250,168.86,Buy
07/06/2022,18:03:11,META,250,168.94,Sell
07/06/2022,18:03:11,TSLA,250,687.79,Buy
07/06/2022,18:04:11,MSFT,250,264.76,Sell
07/06/2022,18:05:11,TSLA,250,690.99,Buy
07/06/2022,18:05:11,META,250,169.43,Buy
07/06/2022,18:05:11,MSFT,250,265.50,Buy
07/06/2022,18:05:11,AAPL,250,142.85,Sell
07/06/2022,18:05:11,AMD,250,75.45,Sell
07/06/2022,18:05:11,AMZN,250,114.50,Buy
07/06/2022,18:07:11,AMZN,250,114.79,Sell
07/06/2022,18:07:11,META,250,169.60,Sell
07/06/2022,18:08:11,AMD,250,75.60,Buy
07/06/2022,18:09:11,AAPL,250,143.03,Sell
07/06/2022,18:11:11,META,250,168.53,Buy
07/06/2022,18:11:11,MSFT,250,264.94,Sell
07/06/2022,18:11:11,AMD,250,75.02,Sell
07/06/2022,18:12:11,GOOG,250,2287.80,Sell
07/06/2022,18:13:11,GOOG,250,2288.00,Buy
07/06/2022,18:13:11,MSFT,250,264.70,Buy
07/06/2022,18:13:11,AAPL,250,142.30,Buy
07/06/2022,18:13:11,AMZN,250,113.77,Buy
07/06/2022,18:14:11,GOOG,250,2292.07,Sell
07/06/2022,18:14:11,MSFT,250,265.02,Sell
07/06/2022,18:14:11,AMD,250,74.89,Buy
07/06/2022,18:14:11,AAPL,250,142.52,Buy
07/06/2022,18:16:11,GOOG,250,2288.89,Sell
07/06/2022,18:17:11,TSLA,250,687.32,Sell
07/06/2022,18:17:11,AMZN,250,113.84,Sell
07/06/2022,18:17:11,AAPL,250,142.26,Sell
07/06/2022,18:17:11,AMD,250,74.79,Sell
07/06/2022,18:18:11,TSLA,250,687.06,Sell
07/06/2022,18:18:11,META,250,168.09,Sell
07/06/2022,18:18:11,AAPL,250,142.15,Buy
07/06/2022,18:20:11,META,250,168.03,Buy
07/06/2022,18:20:11,META,250,168.07,Sell
07/06/2022,18:20:11,MSFT,250,264.43,Sell
07/06/2022,18:20:11,AMZN,250,113.75,Sell
07/06/2022,18:20:11,TSLA,250,686.39,Buy
07/06/2022,18:20:11,TSLA,250,686.87,Sell
07/06/2022,18:21:11,GOOG,250,2286.42,Buy
07/06/2022,18:21:11,META,250,168.23,Buy
07/06/2022,18:21:11,AMZN,250,113.87,Buy
07/06/2022,18:21:11,TSLA,250,687.30,Buy
07/06/2022,18:21:11,MSFT,250,264.71,Buy
07/06/2022,18:21:11,AMD,250,74.77,Buy
07/06/2022,18:22:11,TSLA,250,686.33,Buy
07/06/2022,18:23:11,GOOG,250,2287.12,Buy
07/06/2022,18:23:11,AMD,250,74.77,Sell
07/06/2022,18:25:11,MSFT,250,264.74,Buy
07/06/2022,18:25:11,AMZN,250,113.76,Buy
07/06/2022,18:26:11,META,250,167.96,Sell
07/06/2022,18:28:11,META,250,168.26,Buy
07/06/2022,18:28:11,GOOG,250,2292.43,Sell
07/06/2022,18:28:11,AMZN,250,114.02,Sell
07/06/2022,18:28:11,MSFT,250,265.40,Sell
07/06/2022,18:28:11,AMD,250,74.76,Buy
07/06/2022,18:28:11,AAPL,250,142.49,Sell
07/06/2022,18:29:11,GOOG,250,2291.09,Buy
07/06/2022,18:29:11,AAPL,250,142.72,Sell
07/06/2022,18:29:11,AMD,250,74.86,Sell
07/06/2022,18:31:11,AMZN,250,114.37,Buy
07/06/2022,18:31:11,AMD,250,74.99,Buy
07/06/2022,18:32:11,MSFT,250,266.23,Buy
07/06/2022,18:33:11,AAPL,250,143.30,Sell
07/06/2022,18:35:11,TSLA,250,693.75,Sell
07/06/2022,18:35:11,META,250,169.20,Sell
07/06/2022,18:35:11,AAPL,250,143.25,Buy
07/06/2022,18:36:10,GOOG,250,2296.68,Sell
07/06/2022,18:36:11,META,250,168.99,Buy
07/06/2022,18:36:11,META,250,169.10,Sell
07/06/2022,18:36:11,TSLA,250,692.13,Buy
07/06/2022,18:36:11,TSLA,250,692.61,Sell
07/06/2022,18:36:11,AMZN,250,114.57,Sell
07/06/2022,18:36:11,AAPL,250,143.13,Buy
07/06/2022,18:36:11,AMD,250,75.25,Sell
07/06/2022,18:36:11,MSFT,250,266.28,Sell
07/06/2022,18:37:11,TSLA,250,691.11,Sell
07/06/2022,18:38:11,GOOG,250,2295.59,Sell
07/06/2022,18:38:11,AMZN,250,114.55,Buy
07/06/2022,18:38:11,MSFT,250,266.17,Buy
07/06/2022,18:38:11,AAPL,250,143.05,Buy
07/06/2022,18:38:11,TSLA,250,691.13,Buy
07/06/2022,18:38:11,AMD,250,75.19,Buy
07/06/2022,18:39:11,META,250,169.17,Buy
07/06/2022,18:39:11,GOOG,250,2296.96,Buy
07/06/2022,18:40:11,AMZN,250,114.96,Sell
07/06/2022,18:40:11,MSFT,250,266.90,Sell
07/06/2022,18:41:11,AMZN,250,114.91,Buy
07/06/2022,18:41:11,TSLA,250,695.04,Buy
07/06/2022,18:43:11,GOOG,250,2302.44,Buy
07/06/2022,18:43:11,META,250,169.61,Sell
07/06/2022,18:43:11,AMD,250,75.84,Sell
07/06/2022,18:44:11,GOOG,250,2303.41,Sell
07/06/2022,18:44:11,AMD,250,75.79,Buy
07/06/2022,18:44:11,MSFT,250,266.63,Buy
07/06/2022,18:44:11,META,250,169.52,Buy
07/06/2022,18:46:11,AMZN,250,115.10,Sell
07/06/2022,18:46:11,AMD,250,75.90,Sell
07/06/2022,18:47:11,MSFT,250,266.94,Sell
07/06/2022,18:49:11,AMZN,250,114.88,Buy
07/06/2022,18:50:11,GOOG,250,2304.55,Buy
07/06/2022,18:50:11,AAPL,250,143.33,Sell
07/06/2022,18:51:11,AMD,250,75.76,Buy
07/06/2022,18:51:11,TSLA,250,695.71,Sell
07/06/2022,18:51:11,AAPL,250,143.27,Buy
07/06/2022,18:51:11,AAPL,250,143.29,Sell
07/06/2022,18:51:11,META,250,170.21,Sell
07/06/2022,18:52:11,TSLA,250,695.89,Buy
07/06/2022,18:52:11,MSFT,250,266.64,Buy
07/06/2022,18:52:11,META,250,170.27,Buy
07/06/2022,18:52:11,AAPL,250,143.34,Buy
07/06/2022,18:53:11,TSLA,250,697.59,Sell
07/06/2022,18:53:11,AMZN,250,115.07,Sell
07/06/2022,18:53:11,MSFT,250,266.95,Sell
07/06/2022,18:53:11,AMD,250,75.85,Sell
07/06/2022,18:53:11,AAPL,250,143.50,Sell
07/06/2022,18:54:11,AMD,250,75.83,Buy
07/06/2022,18:54:11,META,250,170.30,Sell
07/06/2022,18:54:11,GOOG,250,2311.10,Sell
07/06/2022,18:55:11,META,250,170.19,Buy
07/06/2022,18:55:11,MSFT,250,266.89,Buy
07/06/2022,18:55:11,AMZN,250,115.00,Buy
07/06/2022,18:56:11,TSLA,250,696.99,Buy
07/06/2022,18:56:11,TSLA,250,697.50,Sell
07/06/2022,18:56:11,AMZN,250,115.15,Sell
07/06/2022,18:57:11,TSLA,250,697.00,Buy
07/06/2022,18:57:11,AMZN,250,115.07,Buy
07/06/2022,18:57:11,AAPL,250,143.48,Buy
07/06/2022,18:58:11,GOOG,250,2314.59,Sell
07/06/2022,18:59:11,META,250,170.50,Sell
07/06/2022,18:59:11,AMD,250,76.08,Sell
07/06/2022,18:59:11,MSFT,250,267.28,Sell
07/06/2022,19:00:11,GOOG,250,2310.62,Buy
07/06/2022,19:00:11,MSFT,250,267.13,Buy
07/06/2022,19:02:07,GOOG,250,2308.50,Buy
07/06/2022,19:02:11,META,250,170.30,Buy
07/06/2022,19:04:11,AMZN,250,114.96,Sell
07/06/2022,19:05:11,GOOG,250,2313.93,Sell
07/06/2022,19:05:11,AMZN,250,115.06,Buy
07/06/2022,19:06:11,GOOG,250,2310.21,Buy
07/06/2022,19:06:11,AAPL,250,143.33,Sell
07/06/2022,19:06:11,AMD,250,75.69,Buy
07/06/2022,19:06:11,AMD,250,75.70,Sell
07/06/2022,19:07:11,MSFT,250,267.07,Sell
07/06/2022,19:07:11,META,250,170.65,Sell
07/06/2022,19:07:11,TSLA,250,695.90,Sell
07/06/2022,19:07:11,AAPL,250,143.37,Buy
07/06/2022,19:07:11,AAPL,250,143.38,Sell
07/06/2022,19:07:11,AMD,250,75.68,Buy
07/06/2022,19:08:11,TSLA,250,695.96,Buy
07/06/2022,19:09:11,MSFT,250,267.08,Buy
07/06/2022,19:09:11,AAPL,250,143.38,Buy
07/06/2022,19:09:11,AMD,250,75.66,Sell
07/06/2022,19:10:11,AMZN,250,115.21,Sell
07/06/2022,19:10:11,MSFT,250,267.33,Sell
07/06/2022,19:10:11,META,250,170.53,Buy
07/06/2022,19:10:11,META,250,170.58,Sell
07/06/2022,19:11:11,META,250,170.88,Buy
07/06/2022,19:11:11,AMZN,250,115.40,Buy
07/06/2022,19:11:11,TSLA,250,698.11,Sell
07/06/2022,19:12:11,AMZN,250,115.33,Sell
07/06/2022,19:12:11,TSLA,250,697.13,Buy
07/06/2022,19:12:11,TSLA,250,697.81,Sell
07/06/2022,19:12:11,MSFT,250,267.39,Buy
07/06/2022,19:12:11,AAPL,250,143.59,Sell
07/06/2022,19:14:11,AMZN,250,115.29,Buy
07/06/2022,19:14:11,TSLA,250,697.30,Buy
07/06/2022,19:14:11,AAPL,250,143.58,Buy
07/06/2022,19:15:11,GOOG,250,2318.55,Sell
07/06/2022,19:15:11,MSFT,250,267.49,Sell
07/06/2022,19:16:11,GOOG,250,2314.72,Buy
07/06/2022,19:17:09,GOOG,250,2320.56,Sell
07/06/2022,19:17:11,META,250,171.20,Sell
07/06/2022,19:17:11,MSFT,250,267.42,Buy
07/06/2022,19:17:11,AMD,250,75.86,Buy
07/06/2022,19:19:11,GOOG,250,2323.76,Buy
07/06/2022,19:19:11,META,250,171.31,Buy
07/06/2022,19:20:11,AMZN,250,115.22,Sell
07/06/2022,19:21:09,GOOG,250,2324.79,Sell
07/06/2022,19:21:11,AMZN,250,115.18,Buy
07/06/2022,19:21:11,AMD,250,76.17,Sell
07/06/2022,19:22:11,AAPL,250,143.83,Sell
07/06/2022,19:22:11,AMD,250,76.10,Buy
07/06/2022,19:22:11,AMD,250,76.11,Sell
07/06/2022,19:23:11,GOOG,250,2325.00,Buy
07/06/2022,19:23:11,TSLA,250,699.84,Sell
07/06/2022,19:24:11,AMD,250,76.24,Buy
07/06/2022,19:24:11,MSFT,250,267.78,Sell
07/06/2022,19:24:11,AAPL,250,143.92,Sell
07/06/2022,19:25:11,TSLA,250,700.14,Buy
07/06/2022,19:25:11,META,250,171.38,Sell
07/06/2022,19:26:11,AMZN,250,115.04,Sell
07/06/2022,19:26:11,META,250,171.24,Sell
07/06/2022,19:27:11,TSLA,250,698.99,Sell
07/06/2022,19:27:11,MSFT,250,267.64,Buy
07/06/2022,19:27:11,MSFT,250,267.67,Sell
07/06/2022,19:27:11,AAPL,250,143.88,Buy
07/06/2022,19:27:11,AMZN,250,115.05,Buy
07/06/2022,19:28:11,AAPL,250,143.80,Buy
07/06/2022,19:29:11,AMZN,250,114.89,Sell
07/06/2022,19:29:11,META,250,170.93,Buy
07/06/2022,19:29:11,TSLA,250,697.63,Sell
07/06/2022,19:29:11,AAPL,250,143.86,Sell
07/06/2022,19:30:11,TSLA,250,697.38,Buy
07/06/2022,19:30:11,MSFT,250,267.50,Buy
07/06/2022,19:30:11,AMZN,250,114.84,Buy
07/06/2022,19:31:11,GOOG,250,2323.77,Sell
07/06/2022,19:32:07,GOOG,250,2323.60,Buy
07/06/2022,19:32:11,META,250,170.83,Buy
07/06/2022,19:32:11,MSFT,250,267.77,Sell
07/06/2022,19:32:11,AAPL,250,143.94,Buy
07/06/2022,19:32:11,AMD,250,76.01,Sell
07/06/2022,19:33:11,MSFT,250,267.73,Buy
07/06/2022,19:34:11,GOOG,250,2323.54,Sell
07/06/2022,19:34:11,TSLA,250,698.87,Buy
07/06/2022,19:34:11,AMD,250,76.02,Buy
07/06/2022,19:34:11,META,250,170.71,Sell
07/06/2022,19:35:11,GOOG,250,2324.19,Buy
07/06/2022,19:35:11,META,250,170.90,Buy
07/06/2022,19:36:11,AMZN,250,115.01,Sell
07/06/2022,19:37:11,AMD,250,75.99,Sell
07/06/2022,19:38:11,GOOG,250,2324.28,Sell
07/06/2022,19:39:11,AMD,250,75.91,Sell
07/06/2022,19:40:11,TSLA,250,697.30,Sell
07/06/2022,19:40:11,AMD,250,75.89,Buy
07/06/2022,19:41:11,AMD,250,75.89,Buy
07/06/2022,19:42:11,MSFT,250,267.06,Sell
07/06/2022,19:42:11,AMZN,250,114.73,Sell
07/06/2022,19:42:11,AAPL,250,143.74,Sell
07/06/2022,19:43:11,GOOG,250,2316.02,Buy
07/06/2022,19:43:11,AAPL,250,143.77,Buy
07/06/2022,19:43:11,AAPL,250,143.78,Sell
07/06/2022,19:44:11,META,250,170.22,Sell
07/06/2022,19:44:11,MSFT,250,267.04,Buy
07/06/2022,19:44:11,TSLA,250,696.87,Buy
07/06/2022,19:45:11,MSFT,250,266.63,Sell
07/06/2022,19:45:11,AMZN,250,114.47,Sell
07/06/2022,19:45:11,TSLA,250,695.78,Sell
07/06/2022,19:45:11,META,250,170.06,Buy
07/06/2022,19:47:11,META,250,170.11,Sell
07/06/2022,19:47:11,GOOG,250,2314.65,Sell
07/06/2022,19:47:11,MSFT,250,266.80,Buy
07/06/2022,19:47:11,AAPL,250,143.52,Sell
07/06/2022,19:48:11,GOOG,250,2310.82,Buy
07/06/2022,19:48:11,MSFT,250,266.46,Sell
07/06/2022,19:48:11,AAPL,250,143.26,Buy
07/06/2022,19:49:11,AMD,250,75.51,Sell
07/06/2022,19:49:11,TSLA,250,695.54,Buy
07/06/2022,19:49:11,TSLA,250,695.91,Sell
07/06/2022,19:50:11,AAPL,250,142.96,Buy
07/06/2022,19:50:11,GOOG,250,2310.91,Sell
07/06/2022,19:50:11,META,250,169.73,Sell
07/06/2022,19:50:11,TSLA,250,695.70,Buy
07/06/2022,19:50:11,AMZN,250,114.39,Buy
07/06/2022,19:51:11,GOOG,250,2307.62,Buy
07/06/2022,19:51:11,MSFT,250,265.89,Buy
07/06/2022,19:53:11,AMD,250,75.18,Buy
07/06/2022,19:55:11,META,250,169.29,Buy
07/06/2022,19:55:11,AMZN,250,113.97,Buy
07/06/2022,19:55:11,AMD,250,75.18,Sell
07/06/2022,19:56:11,AMZN,250,114.05,Buy
07/06/2022,19:56:11,AMD,250,75.25,Sell
07/06/2022,19:57:11,AMD,250,75.25,Buy
07/06/2022,19:58:11,GOOG,250,2303.26,Sell
07/06/2022,19:58:11,AAPL,250,142.78,Sell
07/06/2022,19:58:11,META,250,169.61,Buy
07/06/2022,19:59:11,GOOG,250,2305.74,Buy
07/06/2022,19:59:11,AAPL,250,142.90,Buy
07/06/2022,19:59:11,TSLA,250,695.51,Sell
07/06/2022,19:59:11,MSFT,250,266.22,Sell
07/06/2022,20:00:05,META,250,169.93,Sell
07/06/2022,20:01:55,MSFT,250,266.38,Sell
07/06/2022,20:02:50,GOOG,250,2309.30,Sell
07/06/2022,20:03:10,AAPL,250,142.78,Sell
07/06/2022,20:04:05,TSLA,250,694.50,Sell
07/06/2022,20:04:52,GOOG,250,2306.00,Sell
07/06/2022,20:05:04,TSLA,250,694.94,Sell
07/06/2022,20:05:05,AMZN,250,114.27,Sell
07/06/2022,20:05:11,AAPL,250,142.85,Sell
07/06/2022,20:05:23,MSFT,250,266.38,Sell
07/06/2022,20:07:14,AMD,250,75.34,Sell
07/06/2022,20:09:57,META,250,169.80,Sell
07/06/2022,20:10:03,AMZN,250,114.41,Sell
07/06/2022,20:10:57,AMZN,250,114.50,Sell
07/06/2022,20:12:09,AMD,250,75.42,Sell
07/06/2022,20:12:32,META,250,170.00,Sell
07/06/2022,20:13:54,GOOG,250,2308.80,Sell
07/06/2022,20:14:02,AAPL,250,142.94,Sell
07/07/2022,13:30:11,META,250,170.17,Buy
07/07/2022,13:30:11,AAPL,250,143.80,Buy
07/07/2022,13:30:11,MSFT,250,265.72,Buy
07/07/2022,13:30:11,TSLA,250,701.52,Buy
07/07/2022,13:30:11,AMZN,250,113.85,Buy
07/07/2022,13:30:11,AMD,250,77.62,Buy
07/07/2022,13:31:11,GOOG,250,2317.00,Buy
07/07/2022,13:31:11,AMZN,250,113.67,Buy
07/07/2022,13:31:11,META,250,169.26,Buy
07/07/2022,13:32:11,MSFT,250,265.68,Buy
07/07/2022,13:32:11,AMD,250,77.11,Buy
07/07/2022,13:32:11,AAPL,250,143.64,Buy
07/07/2022,13:32:11,AMZN,250,114.18,Buy
07/07/2022,13:34:11,META,250,170.26,Buy
07/07/2022,13:34:11,AAPL,250,143.93,Buy
07/07/2022,13:34:11,MSFT,250,265.76,Buy
07/07/2022,13:35:11,TSLA,250,706.02,Buy
07/07/2022,13:36:11,TSLA,250,708.00,Buy
07/07/2022,13:36:11,AMD,250,77.36,Buy
07/07/2022,13:38:11,GOOG,250,2330.92,Buy
07/07/2022,13:39:11,GOOG,250,2332.08,Buy
07/07/2022,13:45:11,META,250,170.18,Sell
07/07/2022,13:45:11,TSLA,250,714.49,Sell
07/07/2022,13:45:11,MSFT,250,266.66,Sell
07/07/2022,13:45:11,AMZN,250,114.99,Sell
07/07/2022,13:45:11,AMD,250,78.42,Sell
07/07/2022,13:45:11,AAPL,250,144.68,Sell
07/07/2022,13:46:11,GOOG,250,2339.01,Sell
07/07/2022,13:46:11,META,250,170.19,Sell
07/07/2022,13:46:11,AMZN,250,114.75,Sell
07/07/2022,13:47:11,TSLA,250,716.69,Buy
07/07/2022,13:47:11,MSFT,250,266.81,Buy
07/07/2022,13:47:11,MSFT,250,266.84,Sell
07/07/2022,13:47:11,AAPL,250,144.98,Buy
07/07/2022,13:47:11,AAPL,250,144.99,Sell
07/07/2022,13:47:11,AMD,250,78.51,Buy
07/07/2022,13:47:11,AMD,250,78.52,Sell
07/07/2022,13:47:11,AMZN,250,114.92,Sell
07/07/2022,13:48:11,MSFT,250,266.43,Buy
07/07/2022,13:48:11,GOOG,250,2336.71,Buy
07/07/2022,13:48:11,AMZN,250,114.67,Buy
07/07/2022,13:48:11,AMD,250,78.62,Buy
07/07/2022,13:49:11,META,250,170.12,Sell
07/07/2022,13:49:11,AMZN,250,114.70,Buy
07/07/2022,13:49:11,MSFT,250,266.50,Sell
07/07/2022,13:49:11,AAPL,250,144.90,Sell
07/07/2022,13:50:11,TSLA,250,717.75,Sell
07/07/2022,13:51:11,TSLA,250,716.40,Sell
07/07/2022,13:51:11,AMD,250,78.54,Sell
07/07/2022,13:51:11,AMZN,250,114.56,Buy
07/07/2022,13:52:11,TSLA,250,716.81,Buy
07/07/2022,13:52:11,AAPL,250,145.17,Buy
07/07/2022,13:53:11,GOOG,250,2341.78,Sell
07/07/2022,13:53:11,AAPL,250,145.13,Buy
07/07/2022,13:53:11,MSFT,250,267.23,Buy
07/07/2022,13:53:11,AMD,250,78.55,Buy
07/07/2022,13:54:03,GOOG,250,2338.12,Sell
07/07/2022,13:54:11,META,250,169.42,Buy
07/07/2022,13:55:11,GOOG,250,2342.81,Buy
07/07/2022,13:56:08,GOOG,250,2343.18,Buy
07/07/2022,13:57:11,META,250,169.59,Buy
07/07/2022,13:58:11,META,250,169.65,Buy
07/07/2022,13:58:11,TSLA,250,720.10,Buy
07/07/2022,14:02:11,TSLA,250,718.64,Sell
07/07/2022,14:02:11,AAPL,250,145.15,Sell
07/07/2022,14:02:11,AMD,250,78.38,Sell
07/07/2022,14:02:11,MSFT,250,267.07,Sell
07/07/2022,14:03:11,AMD,250,78.24,Buy
07/07/2022,14:03:11,AMD,250,78.25,Sell
07/07/2022,14:03:11,AMZN,250,113.95,Sell
07/07/2022,14:03:11,AAPL,250,145.11,Buy
07/07/2022,14:03:11,GOOG,250,2335.20,Sell
07/07/2022,14:03:11,MSFT,250,267.23,Sell
07/07/2022,14:04:11,AMZN,250,113.99,Sell
07/07/2022,14:04:11,AMD,250,78.19,Buy
07/07/2022,14:05:11,TSLA,250,718.55,Buy
07/07/2022,14:06:11,GOOG,250,2332.73,Buy
07/07/2022,14:06:11,AMZN,250,114.13,Buy
07/07/2022,14:06:11,AMZN,250,114.16,Sell
07/07/2022,14:07:11,TSLA,250,718.56,Sell
07/07/2022,14:07:11,MSFT,250,267.57,Buy
07/07/2022,14:07:11,AAPL,250,145.37,Sell
07/07/2022,14:08:11,MSFT,250,267.57,Sell
07/07/2022,14:08:11,AAPL,250,145.26,Buy
07/07/2022,14:08:11,AAPL,250,145.28,Sell
07/07/2022,14:08:11,TSLA,250,718.45,Buy
07/07/2022,14:08:11,AMD,250,78.33,Sell
07/07/2022,14:08:11,AMZN,250,114.02,Buy
07/07/2022,14:09:11,AMZN,250,114.19,Buy
07/07/2022,14:09:11,META,250,168.68,Sell
07/07/2022,14:09:11,AAPL,250,145.41,Buy
07/07/2022,14:10:11,GOOG,250,2341.00,Sell
07/07/2022,14:11:11,GOOG,250,2340.26,Buy
07/07/2022,14:11:11,GOOG,250,2341.45,Sell
07/07/2022,14:12:11,META,250,168.61,Sell
07/07/2022,14:12:11,AMD,250,78.50,Buy
07/07/2022,14:13:11,GOOG,250,2335.43,Buy
07/07/2022,14:13:11,META,250,168.76,Sell
07/07/2022,14:13:11,TSLA,250,719.65,Sell
07/07/2022,14:13:11,MSFT,250,267.64,Buy
07/07/2022,14:14:11,META,250,168.80,Buy
07/07/2022,14:14:11,MSFT,250,267.88,Buy
07/07/2022,14:14:11,TSLA,250,719.16,Buy
07/07/2022,14:15:11,META,250,168.87,Buy
07/07/2022,14:16:11,META,250,168.90,Buy
07/07/2022,14:18:11,AMD,250,78.48,Sell
07/07/2022,14:18:11,AAPL,250,145.76,Sell
07/07/2022,14:19:11,AAPL,250,145.63,Buy
07/07/2022,14:19:11,AMD,250,78.49,Sell
07/07/2022,14:20:11,TSLA,250,720.65,Sell
07/07/2022,14:20:11,AMD,250,78.46,Buy
07/07/2022,14:21:11,TSLA,250,718.95,Buy
07/07/2022,14:21:11,GOOG,250,2342.68,Sell
07/07/2022,14:21:11,AMZN,250,113.96,Sell
07/07/2022,14:22:11,GOOG,250,2341.62,Buy
07/07/2022,14:22:11,MSFT,250,268.92,Sell
07/07/2022,14:22:11,AMD,250,78.31,Buy
07/07/2022,14:23:11,AMZN,250,113.90,Buy
07/07/2022,14:23:11,AMZN,250,113.92,Sell
07/07/2022,14:23:11,TSLA,250,719.52,Sell
07/07/2022,14:23:11,AAPL,250,145.63,Sell
07/07/2022,14:24:11,AMZN,250,113.79,Sell
07/07/2022,14:24:11,TSLA,250,719.50,Buy
07/07/2022,14:24:11,AAPL,250,145.60,Buy
07/07/2022,14:24:11,AAPL,250,145.61,Sell
07/07/2022,14:25:11,AMZN,250,113.96,Buy
07/07/2022,14:25:11,AAPL,250,145.75,Buy
07/07/2022,14:25:11,MSFT,250,268.79,Buy
07/07/2022,14:26:11,GOOG,250,2343.99,Sell
07/07/2022,14:27:11,AMZN,250,114.06,Buy
07/07/2022,14:27:11,AMD,250,79.13,Sell
07/07/2022,14:28:10,GOOG,250,2341.01,Buy
07/07/2022,14:28:10,GOOG,250,2343.09,Sell
07/07/2022,14:28:11,AMD,250,79.07,Buy
07/07/2022,14:28:11,MSFT,250,268.57,Sell
07/07/2022,14:29:10,GOOG,250,2341.90,Buy
07/07/2022,14:29:11,META,250,168.51,Sell
07/07/2022,14:29:11,TSLA,250,721.73,Sell
07/07/2022,14:29:11,MSFT,250,268.76,Buy
07/07/2022,14:29:11,MSFT,250,268.78,Sell
07/07/2022,14:30:11,META,250,168.42,Sell
07/07/2022,14:31:11,META,250,168.60,Sell
07/07/2022,14:32:11,META,250,168.68,Buy
07/07/2022,14:32:11,TSLA,250,723.22,Buy
07/07/2022,14:33:11,MSFT,250,268.57,Buy
07/07/2022,14:34:11,AAPL,250,145.65,Sell
07/07/2022,14:35:11,AMD,250,78.75,Sell
07/07/2022,14:36:11,AMD,250,78.73,Buy
07/07/2022,14:36:11,TSLA,250,721.83,Sell
07/07/2022,14:36:11,META,250,168.32,Buy
07/07/2022,14:37:11,GOOG,250,2348.28,Sell
07/07/2022,14:37:11,AMD,250,78.58,Sell
07/07/2022,14:38:11,GOOG,250,2345.32,Buy
07/07/2022,14:38:11,META,250,168.04,Buy
07/07/2022,14:38:11,AAPL,250,145.37,Buy
07/07/2022,14:38:11,AMD,250,78.62,Buy
07/07/2022,14:38:11,AMZN,250,114.04,Sell
07/07/2022,14:39:11,AAPL,250,145.46,Sell
07/07/2022,14:39:11,TSLA,250,720.78,Sell
07/07/2022,14:40:11,MSFT,250,268.19,Sell
07/07/2022,14:40:11,AMZN,250,114.13,Buy
07/07/2022,14:40:11,AMZN,250,114.16,Sell
07/07/2022,14:40:11,AAPL,250,145.39,Buy
07/07/2022,14:40:11,AAPL,250,145.40,Sell
07/07/2022,14:41:11,AMZN,250,114.16,Buy
07/07/2022,14:42:11,AMZN,250,114.46,Sell
07/07/2022,14:42:11,AAPL,250,145.46,Buy
07/07/2022,14:43:11,AMD,250,78.86,Sell
07/07/2022,14:43:11,GOOG,250,2356.83,Sell
07/07/2022,14:44:11,AMZN,250,114.78,Buy
07/07/2022,14:44:11,GOOG,250,2351.73,Buy
07/07/2022,14:44:11,GOOG,250,2353.96,Sell
07/07/2022,14:44:11,TSLA,250,722.51,Buy
07/07/2022,14:44:11,MSFT,250,268.28,Buy
07/07/2022,14:44:11,MSFT,250,268.30,Sell
07/07/2022,14:45:11,MSFT,250,268.22,Buy
07/07/2022,14:46:11,GOOG,250,2349.74,Buy
07/07/2022,14:46:11,AMD,250,78.78,Buy
07/07/2022,14:47:11,TSLA,250,722.75,Sell
07/07/2022,14:47:11,META,250,169.16,Sell
07/07/2022,14:48:11,MSFT,250,268.47,Sell
07/07/2022,14:49:11,META,250,169.45,Buy
07/07/2022,14:50:11,MSFT,250,268.12,Buy
07/07/2022,14:50:11,TSLA,250,723.10,Buy
07/07/2022,14:51:11,META,250,169.80,Sell
07/07/2022,14:51:11,TSLA,250,723.70,Buy
07/07/2022,14:51:11,AMD,250,78.90,Sell
07/07/2022,14:52:11,AMD,250,78.93,Buy
07/07/2022,14:53:11,GOOG,250,2357.76,Sell
07/07/2022,14:53:11,AAPL,250,145.66,Sell
07/07/2022,14:53:11,AMD,250,79.08,Sell
07/07/2022,14:53:11,META,250,170.34,Sell
07/07/2022,14:54:09,GOOG,250,2355.00,Buy
07/07/2022,14:54:11,META,250,170.16,Buy
07/07/2022,14:55:11,META,250,170.14,Buy
07/07/2022,14:55:11,AMZN,250,114.82,Sell
07/07/2022,14:55:11,AMD,250,79.13,Buy
07/07/2022,14:55:11,AAPL,250,145.57,Buy
07/07/2022,14:55:11,AAPL,250,145.58,Sell
07/07/2022,14:56:11,AMZN,250,114.92,Buy
07/07/2022,14:56:11,AMZN,250,114.93,Sell
07/07/2022,14:57:11,AAPL,250,145.49,Sell
07/07/2022,14:58:11,AMZN,250,114.86,Buy
07/07/2022,14:59:11,TSLA,250,724.14,Sell
07/07/2022,14:59:11,GOOG,250,2355.05,Sell
07/07/2022,14:59:11,AMZN,250,114.87,Sell
07/07/2022,14:59:11,MSFT,250,268.18,Sell
07/07/2022,15:00:11,MSFT,250,268.06,Sell
07/07/2022,15:00:11,TSLA,250,724.68,Buy
07/07/2022,15:00:11,AMZN,250,114.89,Buy
07/07/2022,15:01:11,GOOG,250,2357.68,Sell
07/07/2022,15:01:11,AMD,250,78.80,Sell
07/07/2022,15:03:11,AMD,250,78.80,Buy
07/07/2022,15:03:11,AAPL,250,145.32,Buy
07/07/2022,15:04:11,META,250,170.62,Sell
07/07/2022,15:04:11,MSFT,250,268.06,Buy
07/07/2022,15:05:10,GOOG,250,2356.74,Buy
07/07/2022,15:05:11,MSFT,250,268.15,Buy
07/07/2022,15:05:11,MSFT,250,268.17,Sell
07/07/2022,15:05:11,TSLA,250,724.42,Sell
07/07/2022,15:06:11,TSLA,250,724.29,Sell
07/07/2022,15:06:11,AAPL,250,145.41,Buy
07/07/2022,15:06:11,MSFT,250,268.19,Buy
07/07/2022,15:07:11,AMD,250,79.01,Sell
07/07/2022,15:09:11,AMD,250,79.01,Buy
07/07/2022,15:09:11,META,250,170.73,Buy
07/07/2022,15:09:11,META,250,170.77,Sell
07/07/2022,15:09:11,GOOG,250,2358.71,Buy
07/07/2022,15:09:11,GOOG,250,2360.64,Sell
07/07/2022,15:10:11,GOOG,250,2357.85,Buy
07/07/2022,15:10:11,AAPL,250,145.39,Sell
07/07/2022,15:10:11,META,250,170.61,Sell
07/07/2022,15:10:11,TSLA,250,723.77,Buy
07/07/2022,15:10:11,AMD,250,78.93,Sell
07/07/2022,15:11:11,AMZN,250,114.97,Sell
07/07/2022,15:11:11,AAPL,250,145.35,Buy
07/07/2022,15:12:11,TSLA,250,724.44,Buy
07/07/2022,15:13:11,AMZN,250,114.99,Buy
07/07/2022,15:13:11,AMZN,250,115.00,Sell
07/07/2022,15:15:11,TSLA,250,722.50,Sell
07/07/2022,15:15:11,AMD,250,78.88,Buy
07/07/2022,15:15:11,AMZN,250,114.95,Sell
07/07/2022,15:16:11,META,250,170.37,Buy
07/07/2022,15:16:11,AMZN,250,115.08,Buy
07/07/2022,15:17:11,TSLA,250,723.15,Buy
07/07/2022,15:18:11,AMD,250,78.83,Sell
07/07/2022,15:18:11,AAPL,250,145.57,Sell
07/07/2022,15:19:11,META,250,170.40,Buy
07/07/2022,15:19:11,MSFT,250,268.51,Sell
07/07/2022,15:19:11,AMD,250,78.69,Buy
07/07/2022,15:20:11,GOOG,250,2355.61,Sell
07/07/2022,15:20:11,MSFT,250,268.32,Sell
07/07/2022,15:21:11,GOOG,250,2352.53,Buy
07/07/2022,15:21:11,MSFT,250,268.05,Sell
07/07/2022,15:21:11,AAPL,250,145.47,Sell
07/07/2022,15:22:11,AAPL,250,145.48,Buy
07/07/2022,15:22:11,MSFT,250,268.11,Buy
07/07/2022,15:23:11,AMZN,250,115.14,Buy
07/07/2022,15:24:11,GOOG,250,2353.56,Sell
07/07/2022,15:24:11,AMD,250,78.47,Sell
07/07/2022,15:24:11,META,250,169.99,Sell
07/07/2022,15:25:09,GOOG,250,2352.41,Sell
07/07/2022,15:25:11,AMD,250,78.50,Buy
07/07/2022,15:25:11,TSLA,250,721.18,Sell
07/07/2022,15:26:10,MSFT,250,267.74,Buy
07/07/2022,15:26:11,GOOG,250,2351.60,Buy
07/07/2022,15:26:11,AAPL,250,145.31,Buy
07/07/2022,15:26:11,AAPL,250,145.32,Sell
07/07/2022,15:27:11,TSLA,250,721.67,Buy
07/07/2022,15:27:11,TSLA,250,721.99,Sell
07/07/2022,15:28:11,GOOG,250,2350.14,Buy
07/07/2022,15:28:11,META,250,169.95,Buy
07/07/2022,15:28:11,MSFT,250,267.56,Buy
07/07/2022,15:28:11,AAPL,250,145.21,Buy
07/07/2022,15:28:11,AMZN,250,114.92,Sell
07/07/2022,15:30:11,AMD,250,78.33,Sell
07/07/2022,15:30:11,TSLA,250,721.70,Buy
07/07/2022,15:31:11,META,250,170.27,Sell
07/07/2022,15:31:11,AMD,250,78.50,Buy
07/07/2022,15:31:11,AMZN,250,114.94,Buy
07/07/2022,15:31:11,AMZN,250,114.95,Sell
07/07/2022,15:32:11,TSLA,250,722.48,Sell
07/07/2022,15:32:11,AMZN,250,114.90,Buy
07/07/2022,15:34:10,META,250,170.03,Buy
07/07/2022,15:34:10,META,250,170.07,Sell
07/07/2022,15:34:11,TSLA,250,722.13,Buy
07/07/2022,15:34:11,AMD,250,78.32,Sell
07/07/2022,15:36:11,GOOG,250,2354.57,Sell
07/07/2022,15:36:11,META,250,170.03,Buy
07/07/2022,15:36:11,AMD,250,78.36,Buy
07/07/2022,15:37:11,AAPL,250,145.22,Sell
07/07/2022,15:37:11,MSFT,250,267.41,Sell
07/07/2022,15:38:11,AAPL,250,145.19,Buy
07/07/2022,15:38:11,AMZN,250,115.56,Sell
07/07/2022,15:38:11,MSFT,250,267.34,Buy
07/07/2022,15:39:11,GOOG,250,2358.84,Buy
07/07/2022,15:40:11,AMD,250,78.41,Sell
07/07/2022,15:41:11,MSFT,250,267.21,Sell
07/07/2022,15:41:11,GOOG,250,2359.86,Sell
07/07/2022,15:41:11,AMZN,250,115.65,Buy
07/07/2022,15:41:11,AMD,250,78.44,Buy
07/07/2022,15:41:11,AAPL,250,145.19,Sell
07/07/2022,15:42:11,AAPL,250,145.13,Buy
07/07/2022,15:42:11,MSFT,250,267.28,Buy
07/07/2022,15:42:11,TSLA,250,723.89,Sell
07/07/2022,15:43:07,GOOG,250,2362.58,Sell
07/07/2022,15:43:11,TSLA,250,724.20,Buy
07/07/2022,15:43:11,MSFT,250,267.47,Sell
07/07/2022,15:43:11,META,250,170.84,Sell
07/07/2022,15:43:11,AAPL,250,145.19,Sell
07/07/2022,15:44:11,GOOG,250,2362.72,Buy
07/07/2022,15:44:11,META,250,170.77,Buy
07/07/2022,15:45:11,TSLA,250,724.13,Sell
07/07/2022,15:45:11,MSFT,250,267.68,Buy
07/07/2022,15:46:10,GOOG,250,2361.82,Buy
07/07/2022,15:46:11,TSLA,250,724.18,Buy
07/07/2022,15:46:11,AMD,250,78.65,Sell
07/07/2022,15:46:11,AMZN,250,115.98,Sell
07/07/2022,15:47:11,AMZN,250,115.95,Buy
07/07/2022,15:47:11,AMZN,250,115.96,Sell
07/07/2022,15:47:11,AAPL,250,145.26,Buy
07/07/2022,15:49:11,TSLA,250,723.74,Sell
07/07/2022,15:49:11,META,250,170.85,Sell
07/07/2022,15:49:11,AMZN,250,116.02,Buy
07/07/2022,15:50:11,META,250,170.90,Buy
07/07/2022,15:50:11,TSLA,250,723.59,Buy
07/07/2022,15:51:10,META,250,171.03,Sell
07/07/2022,15:51:11,AMD,250,78.82,Sell
07/07/2022,15:52:11,META,250,170.87,Buy
07/07/2022,15:52:11,AMD,250,78.71,Buy
07/07/2022,15:53:11,MSFT,250,267.87,Sell
07/07/2022,15:53:11,AAPL,250,145.41,Sell
07/07/2022,15:54:07,GOOG,250,2362.30,Sell
07/07/2022,15:56:11,AMZN,250,116.05,Sell
07/07/2022,15:56:11,AMD,250,78.79,Sell
07/07/2022,15:56:11,MSFT,250,268.07,Buy
07/07/2022,15:57:11,AMZN,250,116.02,Buy
07/07/2022,15:57:11,AAPL,250,145.47,Buy
07/07/2022,15:57:11,AAPL,250,145.48,Sell
07/07/2022,15:57:11,MSFT,250,268.04,Sell
07/07/2022,15:58:11,TSLA,250,724.05,Sell
07/07/2022,15:59:11,GOOG,250,2361.00,Buy
07/07/2022,15:59:11,GOOG,250,2363.37,Sell
07/07/2022,15:59:11,AAPL,250,145.43,Buy
07/07/2022,15:59:11,MSFT,250,267.86,Buy
07/07/2022,15:59:11,AMD,250,78.88,Buy
07/07/2022,15:59:11,META,250,170.73,Sell
07/07/2022,16:00:11,MSFT,250,268.02,Sell
07/07/2022,16:00:11,TSLA,250,724.31,Buy
07/07/2022,16:01:10,GOOG,250,2364.79,Buy
07/07/2022,16:01:10,GOOG,250,2366.54,Sell
07/07/2022,16:01:11,META,250,171.13,Buy
07/07/2022,16:01:11,MSFT,250,268.03,Buy
07/07/2022,16:01:11,TSLA,250,724.60,Sell
07/07/2022,16:02:11,GOOG,250,2364.46,Buy
07/07/2022,16:02:11,AMZN,250,116.01,Sell
07/07/2022,16:02:11,AAPL,250,145.61,Sell
07/07/2022,16:03:11,AMD,250,79.07,Buy
07/07/2022,16:03:11,AAPL,250,145.56,Buy
07/07/2022,16:04:11,AMZN,250,116.02,Sell
07/07/2022,16:05:11,AMZN,250,116.00,Buy
07/07/2022,16:05:11,TSLA,250,726.73,Sell
07/07/2022,16:05:11,META,250,171.37,Sell
07/07/2022,16:07:11,META,250,171.39,Buy
07/07/2022,16:07:11,META,250,171.42,Sell
07/07/2022,16:07:11,AMD,250,79.07,Sell
07/07/2022,16:08:11,AMZN,250,115.97,Buy
07/07/2022,16:08:11,TSLA,250,725.68,Buy
07/07/2022,16:08:11,AMD,250,78.96,Buy
07/07/2022,16:09:11,META,250,171.31,Buy
07/07/2022,16:09:11,TSLA,250,726.16,Buy
07/07/2022,16:11:11,MSFT,250,267.91,Sell
07/07/2022,16:12:11,AAPL,250,145.52,Sell
07/07/2022,16:12:11,MSFT,250,267.78,Buy
07/07/2022,16:12:11,AMZN,250,115.97,Sell
07/07/2022,16:13:11,AAPL,250,145.57,Buy
