Date,Time,Symbol,Quantity,Price,Side
03/26/2025,18:06:11,AAPL,250,221.65,Buy
03/26/2025,18:07:11,MSFT,250,390.17,Sell
03/26/2025,18:09:11,GOOG,250,168.27,Buy
03/26/2025,18:11:11,GOOG,250,168.32,Buy
03/26/2025,18:12:11,GOOG,250,168.34,Sell
03/26/2025,18:17:10,AAPL,250,221.86,Sell
03/26/2025,18:17:11,GOOG,250,168.56,Sell
03/26/2025,18:21:11,AAPL,250,221.79,Sell
03/26/2025,18:21:11,GOOG,250,168.55,Sell
03/26/2025,18:24:11,GOOG,250,168.60,Sell
03/26/2025,18:26:11,GOOG,250,168.64,Sell
03/26/2025,18:32:11,GOOG,250,168.43,Buy
03/26/2025,18:35:11,GOOG,250,168.41,Buy
03/26/2025,18:37:11,GOOG,250,168.36,Buy
03/26/2025,18:43:11,MSFT,250,389.90,Buy
03/26/2025,18:47:11,GOOG,250,168.17,Buy
03/26/2025,18:47:11,GOOG,250,168.18,Sell
03/26/2025,18:48:11,GOOG,250,168.10,Buy
03/26/2025,18:49:11,GOOG,250,167.99,Buy
03/26/2025,18:49:11,MSFT,250,389.27,Buy
03/26/2025,18:50:11,GOOG,250,168.10,Sell
03/26/2025,18:50:11,MSFT,250,389.48,Buy
03/26/2025,18:52:11,MSFT,250,389.24,Buy
03/26/2025,18:52:11,GOOG,250,168.01,Sell
03/26/2025,18:54:11,GOOG,250,167.90,Buy
03/26/2025,18:55:11,GOOG,250,167.87,Buy
03/26/2025,18:56:10,GOOG,250,167.92,Buy
03/26/2025,18:58:11,MSFT,250,388.97,Sell
03/26/2025,18:58:11,GOOG,250,167.88,Buy
03/26/2025,18:59:11,GOOG,250,167.91,Buy
03/26/2025,19:00:11,MSFT,250,389.24,Buy
03/26/2025,19:02:11,GOOG,250,167.77,Buy
03/26/2025,19:02:11,GOOG,250,167.79,Sell
03/26/2025,19:03:11,MSFT,250,389.05,Buy
03/26/2025,19:03:11,GOOG,250,167.74,Sell
03/26/2025,19:04:11,MSFT,250,389.06,Sell
03/26/2025,19:04:11,GOOG,250,167.79,Sell
03/26/2025,19:05:11,MSFT,250,388.98,Sell
03/26/2025,19:07:11,MSFT,250,388.93,Sell
03/26/2025,19:09:11,GOOG,250,167.65,Sell
03/26/2025,19:10:09,GOOG,250,167.60,Sell
03/26/2025,19:10:11,AAPL,250,221.22,Buy
03/26/2025,19:11:11,GOOG,250,167.61,Sell
03/26/2025,19:11:11,AAPL,250,221.17,Buy
03/26/2025,19:13:11,GOOG,250,167.61,Sell
03/26/2025,19:14:11,GOOG,250,167.61,Sell
03/26/2025,19:14:11,AAPL,250,220.93,Buy
03/26/2025,19:15:11,MSFT,250,388.93,Sell
03/26/2025,19:15:11,AAPL,250,220.95,Buy
03/26/2025,19:17:11,GOOG,250,167.51,Sell
03/26/2025,19:18:11,MSFT,250,389.21,Sell
03/26/2025,19:19:11,AAPL,250,221.11,Buy
03/26/2025,19:22:11,AAPL,250,221.01,Buy
03/26/2025,19:24:11,AAPL,250,220.82,Buy
03/26/2025,19:25:11,AAPL,250,220.71,Buy
03/26/2025,19:25:11,AAPL,250,220.75,Sell
03/26/2025,19:26:11,AAPL,250,220.82,Buy
03/26/2025,19:26:11,AAPL,250,220.87,Sell
03/26/2025,19:27:11,AAPL,250,220.94,Buy
03/26/2025,19:27:11,GOOG,250,167.28,Buy
03/26/2025,19:29:11,AAPL,250,220.78,Buy
03/26/2025,19:29:11,AAPL,250,220.81,Sell
03/26/2025,19:30:11,AAPL,250,220.67,Buy
03/26/2025,19:30:11,AAPL,250,220.69,Sell
03/26/2025,19:31:11,AAPL,250,220.61,Buy
03/26/2025,19:32:11,AAPL,250,220.60,Buy
03/26/2025,19:33:11,AAPL,250,220.65,Buy
03/26/2025,19:34:11,AAPL,250,220.64,Sell
03/26/2025,19:35:11,AAPL,250,220.84,Buy
03/26/2025,19:36:11,AAPL,250,220.98,Buy
03/26/2025,19:37:11,AAPL,250,221.06,Buy
03/26/2025,19:37:11,AAPL,250,221.10,Sell
03/26/2025,19:39:11,AAPL,250,221.03,Sell
03/26/2025,19:40:11,AAPL,250,221.07,Sell
03/26/2025,19:41:11,AAPL,250,221.30,Sell
03/26/2025,19:42:11,AAPL,250,221.26,Sell
03/26/2025,19:42:11,GOOG,250,167.04,Sell
03/26/2025,19:43:11,MSFT,250,389.48,Buy
03/26/2025,19:44:11,AAPL,250,221.16,Sell
03/26/2025,19:45:11,AAPL,250,221.18,Sell
03/26/2025,19:46:11,AAPL,250,221.06,Sell
03/26/2025,19:47:11,MSFT,250,389.45,Buy
03/26/2025,19:47:11,AAPL,250,221.12,Sell
03/26/2025,19:48:11,AAPL,250,221.12,Sell
03/26/2025,19:48:11,MSFT,250,389.48,Buy
03/26/2025,19:50:11,AAPL,250,221.50,Sell
03/26/2025,19:51:11,AAPL,250,221.81,Sell
03/26/2025,19:52:11,AAPL,250,221.63,Sell
03/26/2025,19:54:11,MSFT,250,390.36,Buy
03/26/2025,19:55:11,MSFT,250,389.56,Buy
03/26/2025,19:56:11,MSFT,250,389.77,Buy
03/26/2025,19:58:11,MSFT,250,389.96,Sell
03/26/2025,20:02:09,MSFT,250,389.97,Sell
03/26/2025,20:02:46,MSFT,250,389.21,Buy
03/26/2025,20:02:46,MSFT,250,389.97,Sell
03/26/2025,20:04:11,MSFT,250,389.90,Buy
03/26/2025,20:08:56,MSFT,250,390.68,Sell
03/26/2025,20:09:30,MSFT,250,390.68,Sell
03/26/2025,20:11:00,MSFT,250,390.44,Sell
03/26/2025,20:16:49,MSFT,250,390.59,Sell
03/26/2025,20:19:02,MSFT,250,390.58,Sell
03/26/2025,20:19:26,MSFT,250,390.10,Buy
03/26/2025,20:22:11,GOOG,250,167.08,Buy
03/26/2025,20:23:08,GOOG,250,167.04,Buy
03/26/2025,20:31:50,GOOG,250,167.10,Buy
03/26/2025,20:32:28,MSFT,250,390.15,Sell
03/26/2025,20:35:48,GOOG,250,167.15,Sell
03/26/2025,20:37:38,GOOG,250,167.10,Buy
03/26/2025,20:37:38,GOOG,250,167.15,Sell
03/26/2025,20:47:09,GOOG,250,167.50,Sell
03/26/2025,20:49:58,MSFT,250,389.95,Buy
03/26/2025,20:53:10,GOOG,250,167.45,Sell
03/26/2025,20:54:10,MSFT,250,389.95,Buy
03/26/2025,21:00:00,MSFT,250,389.95,Buy
03/26/2025,21:04:51,MSFT,250,390.70,Sell
03/26/2025,21:06:59,MSFT,250,389.95,Buy
03/26/2025,21:07:12,MSFT,250,390.69,Sell
03/26/2025,21:10:55,GOOG,250,167.62,Buy
03/26/2025,21:15:08,MSFT,250,390.54,Sell
03/26/2025,21:19:46,MSFT,250,390.69,Sell
03/26/2025,21:25:31,GOOG,250,167.65,Sell
03/26/2025,21:35:49,GOOG,250,167.00,Buy
03/26/2025,21:46:04,GOOG,250,167.18,Buy
03/26/2025,21:49:15,MSFT,250,389.69,Buy
03/26/2025,21:50:26,GOOG,250,167.50,Sell
03/26/2025,21:51:34,MSFT,250,389.26,Buy
03/26/2025,22:00:50,GOOG,250,166.82,Buy
03/26/2025,22:00:50,GOOG,250,167.40,Sell
03/26/2025,22:01:46,AMZN,250,199.81,Buy
03/26/2025,22:04:31,MSFT,250,389.77,Sell
03/26/2025,22:05:37,GOOG,250,167.00,Buy
03/26/2025,22:06:52,MSFT,250,390.07,Sell
03/26/2025,22:09:51,GOOG,250,166.98,Buy
03/26/2025,22:13:52,AMZN,250,200.15,Buy
03/26/2025,22:16:05,GOOG,250,167.10,Sell
03/26/2025,22:16:55,AMZN,250,200.24,Sell
03/26/2025,22:17:49,GOOG,250,166.81,Buy
03/26/2025,22:18:57,AMZN,250,199.81,Buy
03/26/2025,22:19:00,GOOG,250,166.81,Buy
03/26/2025,22:19:52,GOOG,250,166.81,Buy
03/26/2025,22:19:52,GOOG,250,167.00,Sell
03/26/2025,22:19:55,AMZN,250,199.70,Buy
03/26/2025,22:20:50,AMZN,250,199.61,Buy
03/26/2025,22:21:57,AMZN,250,199.55,Buy
03/26/2025,22:22:05,GOOG,250,166.81,Buy
03/26/2025,22:22:41,GOOG,250,166.66,Buy
03/26/2025,22:23:59,AMZN,250,199.79,Buy
03/26/2025,22:24:09,GOOG,250,166.72,Buy
03/26/2025,22:25:04,GOOG,250,167.35,Sell
03/26/2025,22:27:10,AMZN,250,198.76,Buy
03/26/2025,22:29:10,AMZN,250,198.88,Buy
03/26/2025,22:29:10,AMZN,250,199.80,Sell
03/26/2025,22:30:10,AMZN,250,199.40,Buy
03/26/2025,22:31:08,GOOG,250,166.66,Buy
03/26/2025,22:31:08,GOOG,250,167.00,Sell
03/26/2025,22:33:34,GOOG,250,166.66,Buy
03/26/2025,22:33:34,GOOG,250,166.99,Sell
03/26/2025,22:33:36,AMZN,250,199.95,Sell
03/26/2025,22:34:55,GOOG,250,166.99,Sell
03/26/2025,22:35:07,AMZN,250,199.90,Sell
03/26/2025,22:35:12,GOOG,250,166.66,Buy
03/26/2025,22:35:12,GOOG,250,166.99,Sell
03/26/2025,22:35:12,GOOG,250,166.99,Sell
03/26/2025,22:35:12,GOOG,250,166.99,Sell
03/26/2025,22:35:57,AMZN,250,199.88,Sell
03/26/2025,22:37:11,AMZN,250,199.88,Sell
03/26/2025,22:38:44,AMZN,250,199.74,Sell
03/26/2025,22:42:02,GOOG,250,166.66,Buy
03/26/2025,22:42:09,AMZN,250,199.79,Sell
03/26/2025,22:43:00,GOOG,250,166.66,Buy
03/26/2025,22:43:56,AMZN,250,199.79,Sell
03/26/2025,22:44:38,AMZN,250,199.70,Buy
03/26/2025,22:44:38,AMZN,250,199.79,Sell
03/26/2025,22:45:19,AMZN,250,199.70,Buy
03/26/2025,22:45:21,GOOG,250,166.66,Buy
03/26/2025,22:45:21,GOOG,250,166.82,Sell
03/26/2025,22:48:10,GOOG,250,166.55,Buy
03/26/2025,22:48:58,AMZN,250,199.50,Buy
03/26/2025,22:49:09,GOOG,250,166.67,Sell
03/26/2025,22:49:50,GOOG,250,166.52,Buy
03/26/2025,22:50:43,GOOG,250,166.82,Sell
03/26/2025,22:52:01,GOOG,250,166.60,Buy
03/26/2025,22:56:54,GOOG,250,166.53,Buy
03/26/2025,22:56:54,GOOG,250,166.65,Sell
03/26/2025,22:56:54,GOOG,250,166.65,Sell
03/26/2025,22:59:05,GOOG,250,166.53,Buy
03/26/2025,22:59:42,AMZN,250,199.79,Sell
03/26/2025,22:59:58,GOOG,250,166.53,Buy
03/26/2025,23:01:03,GOOG,250,166.58,Buy
03/26/2025,23:01:03,GOOG,250,166.60,Sell
03/26/2025,23:01:06,AMZN,250,199.79,Sell
03/26/2025,23:01:53,GOOG,250,166.50,Buy
03/26/2025,23:02:45,GOOG,250,166.50,Buy
03/26/2025,23:02:45,GOOG,250,166.58,Sell
03/26/2025,23:02:52,META,250,604.63,Buy
03/26/2025,23:04:06,META,250,604.64,Buy
03/26/2025,23:04:06,AAPL,250,220.65,Buy
03/26/2025,23:04:06,AMZN,250,199.79,Sell
03/26/2025,23:04:37,AAPL,250,220.75,Buy
03/26/2025,23:05:02,GOOG,250,166.60,Buy
03/26/2025,23:05:02,GOOG,250,166.70,Sell
03/26/2025,23:08:07,GOOG,250,166.50,Buy
03/26/2025,23:08:07,GOOG,250,166.70,Sell
03/26/2025,23:09:11,GOOG,250,166.50,Buy
03/26/2025,23:10:08,GOOG,250,166.50,Buy
03/26/2025,23:11:01,GOOG,250,166.53,Buy
03/26/2025,23:11:01,GOOG,250,166.70,Sell
03/26/2025,23:11:20,META,250,604.70,Buy
03/26/2025,23:13:09,META,250,604.63,Buy
03/26/2025,23:13:52,GOOG,250,166.69,Sell
03/26/2025,23:14:35,GOOG,250,166.70,Sell
03/26/2025,23:14:35,GOOG,250,166.70,Sell
03/26/2025,23:14:39,META,250,604.63,Buy
03/26/2025,23:15:55,META,250,604.63,Buy
03/26/2025,23:17:06,META,250,604.63,Buy
03/26/2025,23:17:08,GOOG,250,166.69,Sell
03/26/2025,23:17:32,META,250,605.51,Sell
03/26/2025,23:18:01,GOOG,250,166.70,Sell
03/26/2025,23:18:37,META,250,605.51,Sell
03/26/2025,23:18:55,AAPL,250,221.00,Sell
03/26/2025,23:19:06,GOOG,250,166.50,Buy
03/26/2025,23:19:35,GOOG,250,166.50,Buy
03/26/2025,23:19:35,GOOG,250,166.70,Sell
03/26/2025,23:20:02,AAPL,250,221.00,Sell
03/26/2025,23:22:33,GOOG,250,166.60,Buy
03/26/2025,23:22:33,GOOG,250,166.70,Sell
03/26/2025,23:22:33,GOOG,250,166.70,Sell
03/26/2025,23:24:08,META,250,604.64,Buy
03/26/2025,23:25:02,GOOG,250,166.69,Sell
03/26/2025,23:26:09,GOOG,250,166.50,Buy
03/26/2025,23:26:09,GOOG,250,166.71,Sell
03/26/2025,23:26:42,META,250,605.50,Sell
03/26/2025,23:27:07,AAPL,250,221.00,Sell
03/26/2025,23:28:08,META,250,605.50,Sell
03/26/2025,23:29:58,META,250,605.50,Sell
03/26/2025,23:31:02,GOOG,250,166.50,Buy
03/26/2025,23:31:04,META,250,604.63,Buy
03/26/2025,23:31:04,META,250,605.40,Sell
03/26/2025,23:31:48,GOOG,250,166.51,Buy
03/26/2025,23:32:04,META,250,604.63,Buy
03/26/2025,23:32:04,META,250,605.40,Sell
03/26/2025,23:32:05,AAPL,250,221.09,Sell
03/26/2025,23:33:02,META,250,604.63,Buy
03/26/2025,23:33:48,META,250,604.85,Buy
03/26/2025,23:33:49,AAPL,250,221.09,Sell
03/26/2025,23:34:11,GOOG,250,166.87,Sell
03/26/2025,23:34:29,GOOG,250,166.52,Buy
03/26/2025,23:34:29,GOOG,250,166.90,Sell
03/26/2025,23:34:49,MSFT,250,389.00,Buy
03/26/2025,23:38:02,GOOG,250,166.51,Buy
03/26/2025,23:38:02,GOOG,250,166.90,Sell
03/26/2025,23:38:48,META,250,605.51,Sell
03/26/2025,23:39:43,GOOG,250,166.51,Buy
03/26/2025,23:39:53,META,250,604.74,Buy
03/26/2025,23:40:24,GOOG,250,166.51,Buy
03/26/2025,23:40:24,GOOG,250,166.85,Sell
03/26/2025,23:42:11,AAPL,250,220.95,Buy
03/26/2025,23:43:07,GOOG,250,166.75,Buy
03/26/2025,23:44:04,META,250,605.00,Buy
03/26/2025,23:44:04,META,250,605.50,Sell
03/26/2025,23:44:04,META,250,605.50,Sell
03/26/2025,23:44:58,MSFT,250,389.01,Buy
03/26/2025,23:45:08,GOOG,250,166.51,Buy
03/26/2025,23:46:09,GOOG,250,166.51,Buy
03/26/2025,23:46:09,GOOG,250,166.88,Sell
03/26/2025,23:46:55,AAPL,250,221.41,Sell
03/26/2025,23:46:55,AAPL,250,221.10,Buy
03/26/2025,23:47:07,MSFT,250,389.01,Buy
03/26/2025,23:47:07,GOOG,250,166.51,Buy
03/26/2025,23:47:07,GOOG,250,166.88,Sell
03/26/2025,23:47:39,MSFT,250,389.01,Buy
03/26/2025,23:47:58,META,250,605.00,Buy
03/26/2025,23:47:58,META,250,605.51,Sell
03/26/2025,23:47:58,META,250,605.51,Sell
03/26/2025,23:49:10,AAPL,250,221.00,Buy
03/26/2025,23:49:52,MSFT,250,389.01,Buy
03/26/2025,23:49:52,MSFT,250,389.60,Sell
03/26/2025,23:49:56,GOOG,250,166.60,Buy
03/26/2025,23:49:56,GOOG,250,167.10,Sell
03/26/2025,23:50:56,GOOG,250,166.60,Buy
03/26/2025,23:50:56,AAPL,250,221.36,Sell
03/26/2025,23:52:26,GOOG,250,166.60,Buy
03/26/2025,23:52:26,GOOG,250,167.45,Sell
03/26/2025,23:52:58,META,250,605.37,Buy
03/26/2025,23:53:27,META,250,605.51,Buy
03/26/2025,23:54:00,AAPL,250,221.45,Sell
03/26/2025,23:54:48,GOOG,250,167.45,Sell
03/26/2025,23:54:48,META,250,605.51,Buy
03/26/2025,23:56:06,META,250,606.00,Sell
03/26/2025,23:56:21,META,250,605.70,Buy
03/26/2025,23:56:25,MSFT,250,389.27,Buy
03/26/2025,23:56:48,GOOG,250,167.45,Sell
03/26/2025,23:57:46,GOOG,250,167.20,Sell
03/26/2025,23:57:51,META,250,605.00,Buy
03/26/2025,23:58:50,META,250,605.00,Buy
03/26/2025,23:58:53,GOOG,250,166.90,Buy
03/26/2025,23:59:37,GOOG,250,167.45,Sell
03/26/2025,23:59:37,GOOG,250,167.45,Sell
03/26/2025,23:59:37,GOOG,250,167.45,Sell
03/26/2025,23:59:37,GOOG,250,167.45,Sell
03/26/2025,23:59:37,GOOG,250,167.45,Sell
03/26/2025,23:59:37,GOOG,250,167.45,Sell
03/26/2025,23:59:37,GOOG,250,167.45,Sell
03/26/2025,23:59:42,META,250,605.00,Buy
03/26/2025,23:59:42,META,250,605.50,Sell
03/26/2025,23:59:42,META,250,605.50,Sell
03/26/2025,23:59:42,META,250,605.50,Sell
03/26/2025,23:59:42,META,250,605.50,Sell
03/26/2025,23:59:42,META,250,605.50,Sell
03/26/2025,23:59:42,META,250,605.50,Sell
03/26/2025,23:59:42,META,250,605.50,Sell
03/26/2025,23:59:42,META,250,605.50,Sell
03/26/2025,23:59:42,META,250,605.50,Sell
03/26/2025,23:59:49,MSFT,250,389.88,Sell
03/26/2025,23:59:49,MSFT,250,389.88,Sell
03/26/2025,23:59:49,MSFT,250,389.88,Sell
03/26/2025,23:59:49,MSFT,250,389.88,Sell
03/26/2025,23:59:49,MSFT,250,389.88,Sell
03/26/2025,23:59:55,AAPL,250,221.01,Buy
03/26/2025,23:59:55,AAPL,250,221.01,Buy
03/26/2025,23:59:55,AAPL,250,221.01,Buy
03/27/2025,08:00:33,META,250,608.88,Sell
03/27/2025,08:00:39,AAPL,250,220.89,Buy
03/27/2025,08:00:52,AMZN,250,200.59,Buy
03/27/2025,08:02:03,AMZN,250,200.59,Buy
03/27/2025,08:02:11,GOOG,250,167.89,Sell
03/27/2025,08:03:06,AAPL,250,220.55,Buy
03/27/2025,08:03:10,META,250,608.32,Sell
03/27/2025,08:03:59,AAPL,250,220.50,Buy
03/27/2025,08:05:10,AMZN,250,200.18,Buy
03/27/2025,08:06:05,AAPL,250,220.84,Buy
03/27/2025,08:06:11,MSFT,250,389.49,Buy
03/27/2025,08:07:01,AAPL,250,220.84,Buy
03/27/2025,08:07:02,AMZN,250,200.10,Buy
03/27/2025,08:08:09,AMZN,250,200.00,Buy
03/27/2025,08:09:06,AMZN,250,200.03,Buy
03/27/2025,08:09:08,AAPL,250,220.85,Buy
03/27/2025,08:09:10,META,250,605.16,Sell
03/27/2025,08:09:11,MSFT,250,389.24,Buy
03/27/2025,08:11:03,AAPL,250,220.66,Buy
03/27/2025,08:11:11,META,250,605.31,Sell
03/27/2025,08:11:11,AMZN,250,199.95,Buy
03/27/2025,08:11:11,MSFT,250,389.32,Buy
03/27/2025,08:12:10,AMZN,250,199.96,Buy
03/27/2025,08:12:11,MSFT,250,389.35,Buy
03/27/2025,08:13:11,AMZN,250,199.42,Buy
03/27/2025,08:14:10,AMZN,250,199.57,Buy
03/27/2025,08:15:11,AMZN,250,199.72,Buy
03/27/2025,08:16:06,AMZN,250,199.84,Buy
03/27/2025,08:16:06,AMZN,250,200.04,Sell
03/27/2025,08:16:11,META,250,605.03,Buy
03/27/2025,08:16:11,AAPL,250,221.00,Sell
03/27/2025,08:17:08,AMZN,250,200.07,Sell
03/27/2025,08:17:09,AAPL,250,220.94,Buy
03/27/2025,08:17:09,GOOG,250,167.25,Buy
03/27/2025,08:18:07,AAPL,250,221.00,Sell
03/27/2025,08:18:10,META,250,604.98,Buy
03/27/2025,08:19:02,AAPL,250,221.00,Sell
03/27/2025,08:19:05,AMZN,250,199.77,Buy
03/27/2025,08:20:08,AAPL,250,220.93,Buy
03/27/2025,08:20:10,AMZN,250,200.28,Sell
03/27/2025,08:21:06,AMZN,250,200.00,Buy
03/27/2025,08:21:10,AAPL,250,220.82,Buy
03/27/2025,08:21:10,AAPL,250,221.00,Sell
03/27/2025,08:21:10,MSFT,250,390.60,Sell
03/27/2025,08:21:32,AAPL,250,221.00,Sell
03/27/2025,08:22:08,AMZN,250,200.27,Sell
03/27/2025,08:23:11,AMZN,250,200.22,Sell
03/27/2025,08:24:08,AMZN,250,200.15,Sell
03/27/2025,08:24:08,META,250,606.72,Buy
03/27/2025,08:24:11,MSFT,250,390.54,Sell
03/27/2025,08:24:11,AAPL,250,221.00,Sell
03/27/2025,08:26:09,MSFT,250,390.47,Sell
03/27/2025,08:26:10,AAPL,250,220.80,Buy
03/27/2025,08:26:10,AAPL,250,221.05,Sell
03/27/2025,08:26:10,META,250,606.09,Buy
03/27/2025,08:26:11,AMZN,250,200.15,Buy
03/27/2025,08:26:11,AMZN,250,200.33,Sell
03/27/2025,08:27:09,AMZN,250,200.15,Buy
03/27/2025,08:27:09,AMZN,250,200.36,Sell
03/27/2025,08:27:09,MSFT,250,390.48,Sell
03/27/2025,08:28:10,AMZN,250,200.45,Sell
03/27/2025,08:29:11,AMZN,250,200.34,Sell
03/27/2025,08:29:11,AAPL,250,220.83,Buy
03/27/2025,08:30:09,AAPL,250,220.87,Buy
03/27/2025,08:30:10,AMZN,250,200.55,Sell
03/27/2025,08:31:00,AAPL,250,220.92,Buy
03/27/2025,08:31:11,AMZN,250,200.57,Sell
03/27/2025,08:32:09,AAPL,250,221.00,Sell
03/27/2025,08:33:11,META,250,607.50,Sell
03/27/2025,08:34:09,META,250,606.90,Sell
03/27/2025,08:34:10,AMZN,250,200.66,Sell
03/27/2025,08:35:01,MSFT,250,390.36,Buy
03/27/2025,08:35:10,AAPL,250,221.05,Sell
03/27/2025,08:36:09,AAPL,250,221.05,Sell
03/27/2025,08:36:11,META,250,606.00,Sell
03/27/2025,08:36:11,AMZN,250,200.62,Sell
03/27/2025,08:37:03,META,250,607.05,Sell
03/27/2025,08:38:44,AAPL,250,220.96,Buy
03/27/2025,08:39:11,META,250,607.44,Sell
03/27/2025,08:39:41,AAPL,250,221.01,Buy
03/27/2025,08:40:04,MSFT,250,390.80,Buy
03/27/2025,08:40:04,META,250,607.06,Sell
03/27/2025,08:40:44,AAPL,250,221.01,Buy
03/27/2025,08:40:44,AAPL,250,221.04,Sell
03/27/2025,08:41:09,AMZN,250,200.38,Buy
03/27/2025,08:41:09,AMZN,250,200.50,Sell
03/27/2025,08:41:11,META,250,607.06,Sell
03/27/2025,08:42:01,AMZN,250,200.65,Sell
03/27/2025,08:42:11,META,250,607.00,Sell
03/27/2025,08:44:06,META,250,607.50,Sell
03/27/2025,08:44:06,AAPL,250,221.04,Sell
03/27/2025,08:45:01,AAPL,250,221.04,Sell
03/27/2025,08:45:11,META,250,608.14,Sell
03/27/2025,08:46:10,GOOG,250,167.69,Sell
03/27/2025,08:46:10,AAPL,250,220.94,Buy
03/27/2025,08:46:10,AAPL,250,221.04,Sell
03/27/2025,08:47:11,AMZN,250,200.34,Buy
03/27/2025,08:48:11,META,250,606.85,Buy
03/27/2025,08:49:11,META,250,606.94,Buy
03/27/2025,08:49:58,MSFT,250,390.91,Sell
03/27/2025,08:50:11,GOOG,250,167.74,Sell
03/27/2025,08:51:01,AMZN,250,200.42,Buy
03/27/2025,08:51:06,GOOG,250,167.72,Sell
03/27/2025,08:51:10,META,250,607.00,Buy
03/27/2025,08:51:11,AAPL,250,220.90,Buy
03/27/2025,08:52:10,META,250,607.00,Buy
03/27/2025,08:52:10,AMZN,250,200.30,Buy
03/27/2025,08:53:05,META,250,607.00,Sell
03/27/2025,08:54:08,AAPL,250,220.90,Buy
03/27/2025,08:54:08,AAPL,250,220.95,Sell
03/27/2025,08:54:10,META,250,606.60,Buy
03/27/2025,08:54:57,AAPL,250,220.96,Buy
03/27/2025,08:54:57,AAPL,250,221.00,Sell
03/27/2025,08:55:10,MSFT,250,390.91,Sell
03/27/2025,08:55:11,META,250,606.55,Buy
03/27/2025,08:55:11,GOOG,250,167.72,Sell
03/27/2025,08:56:02,AMZN,250,200.60,Buy
03/27/2025,08:56:02,AMZN,250,200.75,Sell
03/27/2025,08:56:09,AAPL,250,220.96,Buy
03/27/2025,08:56:09,AAPL,250,221.18,Sell
03/27/2025,08:56:09,META,250,607.00,Buy
03/27/2025,08:56:11,MSFT,250,390.83,Buy
03/27/2025,08:57:11,META,250,608.02,Sell
03/27/2025,08:57:11,META,250,607.15,Buy
03/27/2025,08:58:00,AMZN,250,200.76,Buy
03/27/2025,08:58:09,AAPL,250,221.13,Buy
03/27/2025,08:59:09,META,250,609.05,Sell
03/27/2025,08:59:09,META,250,607.86,Buy
03/27/2025,09:00:05,AAPL,250,221.13,Buy
03/27/2025,09:00:11,META,250,607.80,Buy
03/27/2025,09:01:01,GOOG,250,167.72,Buy
03/27/2025,09:01:11,AAPL,250,221.30,Sell
03/27/2025,09:02:05,AMZN,250,200.42,Buy
03/27/2025,09:02:05,AMZN,250,200.74,Sell
03/27/2025,09:04:10,AMZN,250,200.87,Buy
03/27/2025,09:04:11,AAPL,250,221.41,Buy
03/27/2025,09:05:06,AMZN,250,200.64,Buy
03/27/2025,09:05:10,AAPL,250,221.35,Buy
03/27/2025,09:05:11,GOOG,250,167.62,Buy
03/27/2025,09:06:04,AAPL,250,221.50,Sell
03/27/2025,09:06:09,AMZN,250,200.82,Sell
03/27/2025,09:06:09,GOOG,250,167.60,Buy
03/27/2025,09:07:10,AMZN,250,200.99,Sell
03/27/2025,09:08:10,AMZN,250,200.61,Buy
03/27/2025,09:08:10,META,250,608.21,Buy
03/27/2025,09:08:10,AAPL,250,221.30,Buy
03/27/2025,09:08:26,AAPL,250,221.45,Sell
03/27/2025,09:10:10,AAPL,250,221.49,Sell
03/27/2025,09:10:11,GOOG,250,167.61,Buy
03/27/2025,09:11:09,AAPL,250,221.44,Sell
03/27/2025,09:11:10,MSFT,250,391.28,Sell
03/27/2025,09:11:10,AMZN,250,200.65,Sell
03/27/2025,09:12:01,META,250,608.54,Sell
03/27/2025,09:12:01,META,250,608.00,Buy
03/27/2025,09:13:09,AAPL,250,221.48,Sell
03/27/2025,09:13:09,AMZN,250,200.75,Sell
03/27/2025,09:14:10,AMZN,250,200.55,Buy
03/27/2025,09:14:11,META,250,608.25,Buy
03/27/2025,09:15:05,AMZN,250,200.53,Buy
03/27/2025,09:15:08,AAPL,250,221.48,Sell
03/27/2025,09:16:46,META,250,609.00,Sell
03/27/2025,09:17:06,AMZN,250,200.72,Buy
03/27/2025,09:17:06,AMZN,250,201.00,Sell
03/27/2025,09:19:11,AMZN,250,200.98,Sell
03/27/2025,09:19:11,AAPL,250,221.10,Buy
03/27/2025,09:19:11,AAPL,250,221.30,Sell
03/27/2025,09:20:06,AAPL,250,220.91,Buy
03/27/2025,09:20:06,AAPL,250,221.20,Sell
03/27/2025,09:20:08,MSFT,250,391.03,Buy
03/27/2025,09:20:11,AMZN,250,201.02,Sell
03/27/2025,09:21:10,MSFT,250,391.03,Buy
03/27/2025,09:23:10,AAPL,250,220.84,Buy
03/27/2025,09:23:10,AAPL,250,221.15,Sell
03/27/2025,09:23:11,AMZN,250,200.60,Buy
03/27/2025,09:23:11,AMZN,250,200.91,Sell
03/27/2025,09:24:09,MSFT,250,390.81,Buy
03/27/2025,09:24:09,META,250,608.59,Sell
03/27/2025,09:24:11,AAPL,250,220.89,Buy
03/27/2025,09:25:10,AAPL,250,220.89,Buy
03/27/2025,09:27:11,META,250,608.96,Sell
03/27/2025,09:27:11,META,250,608.12,Buy
03/27/2025,09:27:11,AMZN,250,200.80,Buy
03/27/2025,09:28:09,AAPL,250,221.06,Buy
03/27/2025,09:29:07,AMZN,250,201.03,Sell
03/27/2025,09:30:08,AMZN,250,201.13,Buy
03/27/2025,09:30:08,AMZN,250,201.25,Sell
03/27/2025,09:30:09,AAPL,250,221.16,Buy
03/27/2025,09:32:04,META,250,608.40,Buy
03/27/2025,09:32:09,AMZN,250,201.22,Sell
03/27/2025,09:33:56,MSFT,250,391.12,Sell
03/27/2025,09:33:56,MSFT,250,391.12,Sell
03/27/2025,09:34:10,AAPL,250,221.31,Sell
03/27/2025,09:34:56,AAPL,250,221.32,Sell
03/27/2025,09:36:12,AAPL,250,221.20,Sell
03/27/2025,09:38:11,AMZN,250,201.05,Sell
03/27/2025,09:38:55,META,250,608.50,Buy
03/27/2025,09:39:09,AAPL,250,221.03,Buy
03/27/2025,09:39:09,AAPL,250,221.16,Sell
03/27/2025,09:39:10,MSFT,250,391.07,Sell
03/27/2025,09:39:11,AMZN,250,200.77,Buy
03/27/2025,09:40:07,AAPL,250,221.19,Sell
03/27/2025,09:41:08,AMZN,250,200.88,Buy
03/27/2025,09:41:10,GOOG,250,167.59,Sell
03/27/2025,09:41:49,META,250,608.00,Buy
03/27/2025,09:41:53,AMZN,250,200.83,Buy
03/27/2025,09:41:53,AMZN,250,201.02,Sell
03/27/2025,09:43:06,AAPL,250,221.19,Sell
03/27/2025,09:45:10,AAPL,250,221.20,Sell
03/27/2025,09:45:10,AMZN,250,200.83,Buy
03/27/2025,09:45:10,AMZN,250,201.04,Sell
03/27/2025,09:46:35,AAPL,250,221.13,Buy
03/27/2025,09:46:51,META,250,609.30,Sell
03/27/2025,09:49:08,AAPL,250,221.09,Buy
03/27/2025,09:50:11,AMZN,250,200.97,Buy
03/27/2025,09:51:10,AAPL,250,221.08,Buy
03/27/2025,09:51:10,AMZN,250,200.99,Buy
03/27/2025,09:52:11,AMZN,250,200.98,Buy
03/27/2025,09:52:11,GOOG,250,167.99,Sell
03/27/2025,09:54:07,AAPL,250,221.25,Sell
03/27/2025,09:54:11,AMZN,250,201.10,Sell
03/27/2025,09:55:08,GOOG,250,167.89,Sell
03/27/2025,09:55:51,GOOG,250,167.83,Buy
03/27/2025,09:56:09,AMZN,250,201.05,Sell
03/27/2025,09:57:11,AMZN,250,201.05,Sell
03/27/2025,09:58:10,AMZN,250,200.88,Buy
03/27/2025,10:00:11,AMZN,250,200.92,Buy
03/27/2025,10:00:11,AMZN,250,201.05,Sell
03/27/2025,10:02:04,AAPL,250,221.21,Sell
03/27/2025,10:02:04,META,250,608.60,Buy
03/27/2025,10:02:10,AMZN,250,200.86,Buy
03/27/2025,10:04:09,AAPL,250,221.28,Sell
03/27/2025,10:05:11,AMZN,250,201.27,Sell
03/27/2025,10:06:08,META,250,610.00,Sell
03/27/2025,10:06:09,AMZN,250,201.27,Sell
03/27/2025,10:06:11,AAPL,250,221.45,Sell
03/27/2025,10:06:59,GOOG,250,167.84,Buy
03/27/2025,10:07:04,AMZN,250,201.30,Sell
03/27/2025,10:07:10,AAPL,250,221.31,Buy
03/27/2025,10:07:51,GOOG,250,167.85,Buy
03/27/2025,10:08:03,AMZN,250,201.18,Buy
03/27/2025,10:09:06,AMZN,250,201.25,Buy
03/27/2025,10:09:46,AMZN,250,201.22,Buy
03/27/2025,10:10:11,META,250,609.99,Sell
03/27/2025,10:12:09,AMZN,250,201.35,Sell
03/27/2025,10:15:11,AMZN,250,201.28,Sell
03/27/2025,10:17:10,AMZN,250,201.14,Buy
03/27/2025,10:17:10,AMZN,250,201.25,Sell
03/27/2025,10:18:11,AMZN,250,201.09,Buy
03/27/2025,10:18:55,AMZN,250,201.07,Buy
03/27/2025,10:19:09,META,250,609.52,Sell
03/27/2025,10:20:07,AAPL,250,221.00,Buy
03/27/2025,10:21:07,META,250,608.61,Buy
03/27/2025,10:22:03,AMZN,250,201.14,Buy
03/27/2025,10:22:05,AAPL,250,221.18,Sell
03/27/2025,10:23:11,AMZN,250,200.89,Buy
03/27/2025,10:23:11,AMZN,250,201.10,Sell
03/27/2025,10:24:11,AMZN,250,201.00,Sell
03/27/2025,10:24:58,META,250,608.60,Buy
03/27/2025,10:25:11,AMZN,250,201.00,Sell
03/27/2025,10:26:08,AMZN,250,201.05,Buy
03/27/2025,10:28:11,AAPL,250,220.92,Buy
03/27/2025,10:31:10,MSFT,250,390.81,Buy
03/27/2025,10:32:09,AAPL,250,220.94,Buy
03/27/2025,10:32:10,AMZN,250,201.29,Sell
03/27/2025,10:33:08,AMZN,250,201.29,Sell
03/27/2025,10:33:09,AAPL,250,220.91,Buy
03/27/2025,10:34:11,META,250,608.76,Buy
03/27/2025,10:34:11,AMZN,250,201.06,Buy
03/27/2025,10:34:11,AMZN,250,201.25,Sell
03/27/2025,10:35:09,AAPL,250,221.13,Sell
03/27/2025,10:37:06,AAPL,250,220.94,Buy
03/27/2025,10:37:06,AMZN,250,201.29,Sell
03/27/2025,10:38:11,AMZN,250,201.29,Sell
03/27/2025,10:41:09,AMZN,250,201.06,Buy
03/27/2025,10:41:09,AMZN,250,201.20,Sell
03/27/2025,10:42:01,AAPL,250,220.90,Buy
03/27/2025,10:42:57,AAPL,250,221.02,Sell
03/27/2025,10:45:59,MSFT,250,390.90,Sell
03/27/2025,10:47:08,AAPL,250,220.90,Buy
03/27/2025,10:47:08,AAPL,250,221.08,Sell
03/27/2025,10:47:10,META,250,608.98,Sell
03/27/2025,10:48:07,AAPL,250,221.09,Sell
03/27/2025,10:48:10,AMZN,250,201.03,Buy
03/27/2025,10:49:11,AMZN,250,201.20,Sell
03/27/2025,10:50:11,AMZN,250,201.04,Buy
03/27/2025,10:50:54,AMZN,250,201.03,Buy
03/27/2025,10:52:09,AAPL,250,220.60,Buy
03/27/2025,10:52:09,AAPL,250,220.86,Sell
03/27/2025,10:52:11,AMZN,250,200.82,Buy
03/27/2025,10:53:11,AAPL,250,220.57,Buy
03/27/2025,10:53:11,AMZN,250,200.89,Buy
03/27/2025,10:56:11,AMZN,250,200.99,Sell
03/27/2025,10:56:58,AAPL,250,220.55,Buy
03/27/2025,10:56:58,AAPL,250,220.71,Sell
03/27/2025,10:57:08,AMZN,250,200.77,Buy
03/27/2025,10:58:08,AMZN,250,200.82,Buy
03/27/2025,10:59:00,AMZN,250,200.75,Buy
03/27/2025,10:59:10,AAPL,250,220.56,Buy
03/27/2025,11:00:10,AMZN,250,200.52,Buy
03/27/2025,11:01:01,AMZN,250,200.55,Buy
03/27/2025,11:01:11,AAPL,250,220.88,Buy
03/27/2025,11:02:08,AAPL,250,220.74,Buy
03/27/2025,11:02:08,AAPL,250,220.93,Sell
03/27/2025,11:02:10,AMZN,250,200.71,Buy
03/27/2025,11:02:11,META,250,607.12,Buy
03/27/2025,11:03:11,AAPL,250,220.71,Buy
03/27/2025,11:03:11,AMZN,250,200.55,Buy
03/27/2025,11:03:11,AMZN,250,200.72,Sell
03/27/2025,11:04:11,AMZN,250,200.75,Buy
03/27/2025,11:05:10,AAPL,250,220.86,Buy
03/27/2025,11:05:11,AMZN,250,200.79,Buy
03/27/2025,11:05:11,AMZN,250,200.99,Sell
03/27/2025,11:05:20,AAPL,250,220.90,Buy
03/27/2025,11:06:01,AMZN,250,201.00,Sell
03/27/2025,11:07:10,AAPL,250,220.94,Buy
03/27/2025,11:07:10,AAPL,250,221.04,Sell
03/27/2025,11:07:11,AMZN,250,201.03,Buy
03/27/2025,11:07:11,AMZN,250,201.16,Sell
03/27/2025,11:08:00,AMZN,250,201.18,Sell
03/27/2025,11:08:01,AAPL,250,221.07,Buy
03/27/2025,11:08:01,AAPL,250,221.18,Sell
03/27/2025,11:09:05,AAPL,250,221.05,Buy
03/27/2025,11:09:11,META,250,608.92,Sell
03/27/2025,11:09:37,AAPL,250,221.05,Buy
03/27/2025,11:09:58,AMZN,250,201.13,Buy
03/27/2025,11:11:11,AMZN,250,200.95,Buy
03/27/2025,11:11:11,AAPL,250,220.72,Buy
03/27/2025,11:12:11,AAPL,250,220.96,Sell
03/27/2025,11:12:11,AMZN,250,201.00,Sell
03/27/2025,11:13:02,AMZN,250,200.80,Sell
03/27/2025,11:14:11,AMZN,250,200.68,Buy
03/27/2025,11:14:11,AMZN,250,200.86,Sell
03/27/2025,11:14:11,AAPL,250,220.92,Sell
03/27/2025,11:15:11,AMZN,250,200.86,Sell
03/27/2025,11:16:09,AAPL,250,220.80,Buy
03/27/2025,11:16:09,AAPL,250,220.90,Sell
03/27/2025,11:16:11,AMZN,250,200.93,Sell
03/27/2025,11:17:11,AAPL,250,220.89,Sell
03/27/2025,11:17:11,AMZN,250,200.86,Sell
03/27/2025,11:17:59,AAPL,250,220.83,Sell
03/27/2025,11:18:09,AMZN,250,200.88,Sell
03/27/2025,11:19:09,AMZN,250,200.85,Sell
03/27/2025,11:19:40,AAPL,250,220.89,Sell
03/27/2025,11:20:07,AMZN,250,200.85,Sell
03/27/2025,11:21:11,AAPL,250,220.80,Sell
03/27/2025,11:21:11,AMZN,250,200.60,Buy
03/27/2025,11:22:05,AAPL,250,220.65,Buy
03/27/2025,11:22:05,AAPL,250,220.75,Sell
03/27/2025,11:22:05,AAPL,250,220.75,Sell
03/27/2025,11:22:11,AMZN,250,200.56,Buy
03/27/2025,11:22:11,AMZN,250,200.70,Sell
03/27/2025,11:24:11,META,250,606.35,Buy
03/27/2025,11:24:11,AAPL,250,220.65,Buy
03/27/2025,11:24:11,AAPL,250,220.84,Sell
03/27/2025,11:25:09,AAPL,250,220.89,Sell
03/27/2025,11:25:10,AMZN,250,200.54,Buy
03/27/2025,11:25:10,AMZN,250,200.75,Sell
03/27/2025,11:26:08,AAPL,250,220.83,Sell
03/27/2025,11:26:08,AMZN,250,200.55,Buy
03/27/2025,11:26:08,AMZN,250,200.71,Sell
03/27/2025,11:27:05,AMZN,250,200.49,Buy
03/27/2025,11:28:10,AMZN,250,200.41,Buy
03/27/2025,11:28:56,AAPL,250,220.66,Buy
03/27/2025,11:29:11,AMZN,250,200.30,Buy
03/27/2025,11:29:11,AMZN,250,200.49,Sell
03/27/2025,11:30:01,AAPL,250,220.65,Buy
03/27/2025,11:31:08,AAPL,250,220.65,Buy
03/27/2025,11:31:08,AAPL,250,220.75,Sell
03/27/2025,11:31:11,AMZN,250,200.31,Buy
03/27/2025,11:32:10,AMZN,250,200.47,Buy
03/27/2025,11:33:03,AAPL,250,220.65,Buy
03/27/2025,11:35:04,AAPL,250,220.66,Buy
03/27/2025,11:35:55,AMZN,250,200.64,Buy
03/27/2025,11:35:55,AMZN,250,200.74,Sell
03/27/2025,11:36:04,AAPL,250,220.71,Buy
03/27/2025,11:37:01,AAPL,250,220.94,Sell
03/27/2025,11:37:03,AMZN,250,200.72,Buy
03/27/2025,11:37:03,AMZN,250,200.88,Sell
03/27/2025,11:38:47,AAPL,250,220.94,Buy
03/27/2025,11:38:47,AAPL,250,221.00,Sell
03/27/2025,11:40:06,AMZN,250,200.92,Sell
03/27/2025,11:40:37,AAPL,250,220.90,Buy
03/27/2025,11:41:11,AMZN,250,200.60,Buy
03/27/2025,11:41:11,AMZN,250,200.83,Sell
03/27/2025,11:41:58,AAPL,250,220.90,Buy
03/27/2025,11:42:11,AMZN,250,200.79,Sell
03/27/2025,11:43:10,AMZN,250,200.83,Sell
03/27/2025,11:44:07,AMZN,250,200.84,Sell
03/27/2025,11:44:09,AAPL,250,221.03,Buy
03/27/2025,11:44:09,AAPL,250,221.15,Sell
03/27/2025,11:45:09,AAPL,250,220.98,Buy
03/27/2025,11:45:09,AAPL,250,221.14,Sell
03/27/2025,11:46:11,AMZN,250,200.74,Buy
03/27/2025,11:46:11,AMZN,250,200.94,Sell
03/27/2025,11:46:11,AAPL,250,221.24,Buy
03/27/2025,11:46:11,AAPL,250,221.46,Sell
03/27/2025,11:47:04,AMZN,250,200.76,Buy
03/27/2025,11:47:04,AMZN,250,200.93,Sell
03/27/2025,11:47:08,AAPL,250,221.20,Buy
03/27/2025,11:47:46,AAPL,250,221.31,Sell
03/27/2025,11:48:08,AMZN,250,200.79,Buy
03/27/2025,11:50:02,AAPL,250,221.20,Buy
03/27/2025,11:50:02,AAPL,250,221.27,Sell
03/27/2025,11:51:00,GOOG,250,167.32,Sell
03/27/2025,11:51:03,AAPL,250,221.32,Sell
03/27/2025,11:51:05,AMZN,250,201.00,Sell
03/27/2025,11:52:00,AAPL,250,221.25,Buy
03/27/2025,11:52:09,AMZN,250,200.99,Sell
03/27/2025,11:53:11,AAPL,250,221.18,Buy
03/27/2025,11:54:07,AMZN,250,200.84,Buy
03/27/2025,11:54:11,AAPL,250,221.20,Buy
03/27/2025,11:54:11,AAPL,250,221.28,Sell
03/27/2025,11:55:55,AMZN,250,200.90,Buy
03/27/2025,11:55:55,AMZN,250,201.00,Sell
03/27/2025,11:56:08,AAPL,250,221.28,Sell
03/27/2025,11:57:05,AAPL,250,221.24,Buy
03/27/2025,11:57:05,AAPL,250,221.38,Sell
03/27/2025,11:57:07,AMZN,250,200.97,Buy
03/27/2025,11:57:10,META,250,607.47,Sell
03/27/2025,11:58:02,AMZN,250,200.96,Buy
03/27/2025,11:59:07,AMZN,250,200.98,Buy
03/27/2025,11:59:08,AAPL,250,221.35,Buy
03/27/2025,11:59:08,AAPL,250,221.50,Sell
03/27/2025,12:00:00,AMZN,250,201.05,Buy
03/27/2025,12:00:01,AAPL,250,221.50,Sell
03/27/2025,12:00:03,GOOG,250,167.50,Sell
03/27/2025,12:00:59,AAPL,250,221.40,Buy
03/27/2025,12:00:59,AAPL,250,221.50,Sell
03/27/2025,12:01:08,META,250,607.12,Sell
03/27/2025,12:01:09,AMZN,250,201.05,Buy
03/27/2025,12:01:09,AMZN,250,201.13,Sell
03/27/2025,12:01:53,AAPL,250,221.40,Buy
03/27/2025,12:01:53,AAPL,250,221.50,Sell
03/27/2025,12:02:00,AMZN,250,201.05,Buy
03/27/2025,12:02:00,AMZN,250,201.13,Sell
03/27/2025,12:02:10,GOOG,250,167.50,Sell
03/27/2025,12:03:02,GOOG,250,167.44,Sell
03/27/2025,12:03:07,AMZN,250,201.00,Buy
03/27/2025,12:03:07,AMZN,250,201.10,Sell
03/27/2025,12:03:59,AAPL,250,221.41,Buy
03/27/2025,12:04:03,AMZN,250,200.63,Buy
03/27/2025,12:04:10,GOOG,250,167.39,Sell
03/27/2025,12:05:06,AAPL,250,221.20,Buy
03/27/2025,12:05:06,AAPL,250,221.39,Sell
03/27/2025,12:05:08,GOOG,250,167.30,Sell
03/27/2025,12:05:09,AMZN,250,200.65,Buy
03/27/2025,12:06:11,GOOG,250,167.09,Buy
03/27/2025,12:07:01,META,250,606.00,Sell
03/27/2025,12:07:02,AAPL,250,221.18,Buy
03/27/2025,12:07:02,AAPL,250,221.20,Sell
03/27/2025,12:07:11,AMZN,250,200.60,Buy
03/27/2025,12:08:07,AAPL,250,221.02,Buy
03/27/2025,12:08:07,AAPL,250,221.27,Sell
03/27/2025,12:08:11,AMZN,250,200.62,Buy
03/27/2025,12:08:46,AAPL,250,221.24,Sell
03/27/2025,12:09:08,META,250,606.89,Sell
03/27/2025,12:09:11,AMZN,250,200.86,Sell
03/27/2025,12:10:01,AMZN,250,200.70,Buy
03/27/2025,12:11:02,META,250,606.50,Buy
03/27/2025,12:11:03,AMZN,250,200.80,Sell
03/27/2025,12:11:09,AAPL,250,221.18,Buy
03/27/2025,12:11:53,AMZN,250,200.68,Buy
03/27/2025,12:11:53,AMZN,250,200.79,Sell
03/27/2025,12:11:56,AAPL,250,221.18,Buy
03/27/2025,12:11:56,AAPL,250,221.30,Sell
03/27/2025,12:12:34,AMZN,250,200.80,Sell
03/27/2025,12:12:35,AAPL,250,221.13,Buy
03/27/2025,12:13:04,MSFT,250,390.14,Buy
03/27/2025,12:14:07,AMZN,250,200.90,Sell
03/27/2025,12:14:08,AAPL,250,221.30,Sell
03/27/2025,12:14:27,AAPL,250,221.19,Buy
03/27/2025,12:14:27,AAPL,250,221.19,Buy
03/27/2025,12:14:27,AAPL,250,221.30,Sell
03/27/2025,12:15:07,GOOG,250,167.42,Sell
03/27/2025,12:15:07,GOOG,250,167.29,Buy
03/27/2025,12:15:11,AMZN,250,200.72,Buy
03/27/2025,12:15:11,AMZN,250,200.86,Sell
03/27/2025,12:15:39,META,250,606.40,Buy
03/27/2025,12:15:47,AMZN,250,200.71,Buy
03/27/2025,12:15:47,AMZN,250,200.90,Sell
03/27/2025,12:16:52,AAPL,250,221.30,Sell
03/27/2025,12:16:59,AMZN,250,200.71,Buy
03/27/2025,12:16:59,AMZN,250,200.85,Sell
03/27/2025,12:17:01,GOOG,250,167.45,Buy
03/27/2025,12:18:06,AMZN,250,200.85,Sell
03/27/2025,12:18:11,GOOG,250,167.38,Sell
03/27/2025,12:18:11,GOOG,250,167.25,Buy
03/27/2025,12:18:46,AAPL,250,221.19,Buy
03/27/2025,12:18:46,AAPL,250,221.30,Sell
03/27/2025,12:19:02,GOOG,250,167.42,Sell
03/27/2025,12:19:02,GOOG,250,167.25,Buy
03/27/2025,12:19:11,AMZN,250,200.66,Buy
03/27/2025,12:19:11,AMZN,250,200.79,Sell
03/27/2025,12:19:43,AAPL,250,221.19,Buy
03/27/2025,12:19:43,AAPL,250,221.30,Sell
03/27/2025,12:19:59,MSFT,250,389.86,Buy
03/27/2025,12:20:08,AMZN,250,200.79,Sell
03/27/2025,12:20:11,GOOG,250,167.30,Buy
03/27/2025,12:20:27,GOOG,250,167.33,Sell
03/27/2025,12:21:01,AAPL,250,221.19,Buy
03/27/2025,12:21:01,AAPL,250,221.19,Buy
03/27/2025,12:21:01,AAPL,250,221.30,Sell
03/27/2025,12:21:09,AMZN,250,200.66,Buy
03/27/2025,12:21:52,AMZN,250,200.65,Buy
03/27/2025,12:21:52,AMZN,250,200.75,Sell
03/27/2025,12:22:09,META,250,605.72,Buy
03/27/2025,12:23:06,AMZN,250,200.55,Buy
03/27/2025,12:23:06,AMZN,250,200.68,Sell
03/27/2025,12:23:08,AAPL,250,221.11,Buy
03/27/2025,12:23:08,AAPL,250,221.24,Sell
03/27/2025,12:23:41,AAPL,250,221.11,Buy
03/27/2025,12:23:55,MSFT,250,389.86,Buy
03/27/2025,12:24:11,META,250,605.70,Buy
03/27/2025,12:24:49,AMZN,250,200.55,Buy
03/27/2025,12:24:49,AMZN,250,200.76,Sell
03/27/2025,12:26:06,MSFT,250,389.86,Buy
03/27/2025,12:26:11,AAPL,250,221.13,Buy
03/27/2025,12:26:11,AAPL,250,221.30,Sell
03/27/2025,12:26:58,AAPL,250,221.11,Buy
03/27/2025,12:26:58,AAPL,250,221.24,Sell
03/27/2025,12:27:06,MSFT,250,389.86,Buy
03/27/2025,12:27:10,AMZN,250,200.55,Buy
03/27/2025,12:27:10,AMZN,250,200.73,Sell
03/27/2025,12:28:05,AMZN,250,200.55,Buy
03/27/2025,12:28:10,MSFT,250,390.29,Sell
03/27/2025,12:28:11,AAPL,250,221.12,Sell
03/27/2025,12:28:42,AMZN,250,200.44,Buy
03/27/2025,12:28:52,MSFT,250,389.82,Buy
03/27/2025,12:29:10,AAPL,250,221.03,Buy
03/27/2025,12:30:10,AAPL,250,221.01,Buy
03/27/2025,12:30:10,AAPL,250,221.25,Sell
03/27/2025,12:30:10,AMZN,250,200.33,Buy
03/27/2025,12:30:10,AMZN,250,200.50,Sell
03/27/2025,12:30:10,GOOG,250,167.01,Buy
03/27/2025,12:31:09,AMZN,250,200.98,Buy
03/27/2025,12:31:09,AMZN,250,201.12,Sell
03/27/2025,12:31:11,AAPL,250,221.31,Buy
03/27/2025,12:31:11,AAPL,250,221.49,Sell
03/27/2025,12:32:11,AAPL,250,221.23,Buy
03/27/2025,12:32:11,AMZN,250,201.10,Buy
03/27/2025,12:32:11,AMZN,250,201.24,Sell
03/27/2025,12:33:09,GOOG,250,167.54,Buy
03/27/2025,12:33:09,AAPL,250,221.45,Buy
03/27/2025,12:33:11,AMZN,250,201.23,Buy
03/27/2025,12:33:55,AAPL,250,221.42,Buy
03/27/2025,12:33:55,AAPL,250,221.49,Sell
03/27/2025,12:34:07,AMZN,250,201.22,Sell
03/27/2025,12:34:11,GOOG,250,167.58,Sell
03/27/2025,12:34:11,GOOG,250,167.44,Buy
03/27/2025,12:35:02,AAPL,250,221.18,Buy
03/27/2025,12:35:02,AAPL,250,221.45,Sell
03/27/2025,12:35:03,MSFT,250,390.64,Sell
03/27/2025,12:35:10,GOOG,250,167.45,Sell
03/27/2025,12:36:10,AAPL,250,221.52,Buy
03/27/2025,12:36:10,AAPL,250,221.74,Sell
03/27/2025,12:36:11,AMZN,250,201.23,Sell
03/27/2025,12:36:48,AAPL,250,221.57,Buy
03/27/2025,12:36:48,AAPL,250,221.70,Sell
03/27/2025,12:37:09,GOOG,250,167.66,Sell
03/27/2025,12:37:09,GOOG,250,167.47,Buy
03/27/2025,12:37:11,AMZN,250,201.23,Sell
03/27/2025,12:37:45,GOOG,250,167.75,Sell
03/27/2025,12:38:02,AMZN,250,201.34,Sell
03/27/2025,12:38:06,AAPL,250,221.69,Sell
03/27/2025,12:38:39,AAPL,250,221.53,Buy
03/27/2025,12:38:39,AAPL,250,221.68,Sell
03/27/2025,12:38:54,MSFT,250,390.70,Sell
03/27/2025,12:39:09,AMZN,250,201.01,Buy
03/27/2025,12:40:09,META,250,607.50,Sell
03/27/2025,12:40:09,GOOG,250,167.66,Sell
03/27/2025,12:40:11,AMZN,250,201.11,Sell
03/27/2025,12:40:41,GOOG,250,167.74,Sell
03/27/2025,12:41:10,AAPL,250,221.28,Buy
03/27/2025,12:41:10,AAPL,250,221.54,Sell
03/27/2025,12:41:10,MSFT,250,390.20,Buy
03/27/2025,12:41:10,MSFT,250,390.63,Sell
03/27/2025,12:41:55,AMZN,250,200.80,Buy
03/27/2025,12:41:55,AMZN,250,200.92,Sell
03/27/2025,12:42:05,AAPL,250,221.22,Buy
03/27/2025,12:42:05,AAPL,250,221.46,Sell
03/27/2025,12:42:07,MSFT,250,389.95,Buy
03/27/2025,12:42:07,MSFT,250,390.17,Sell
03/27/2025,12:42:07,GOOG,250,167.58,Sell
03/27/2025,12:43:10,AMZN,250,200.95,Buy
03/27/2025,12:43:10,AMZN,250,201.11,Sell
03/27/2025,12:43:11,MSFT,250,390.03,Buy
03/27/2025,12:43:53,AMZN,250,200.95,Buy
03/27/2025,12:43:53,AMZN,250,201.10,Sell
03/27/2025,12:44:07,AAPL,250,221.52,Buy
03/27/2025,12:44:07,AAPL,250,221.57,Sell
03/27/2025,12:44:08,MSFT,250,390.10,Buy
03/27/2025,12:44:08,MSFT,250,390.39,Sell
03/27/2025,12:44:56,MSFT,250,390.10,Buy
03/27/2025,12:45:03,AAPL,250,221.46,Buy
03/27/2025,12:45:03,AAPL,250,221.56,Sell
03/27/2025,12:45:10,AMZN,250,200.80,Buy
03/27/2025,12:45:10,AMZN,250,200.97,Sell
03/27/2025,12:45:44,AAPL,250,221.46,Buy
03/27/2025,12:45:44,AAPL,250,221.55,Sell
03/27/2025,12:46:07,AMZN,250,200.75,Buy
03/27/2025,12:46:07,AMZN,250,200.94,Sell
03/27/2025,12:47:07,AMZN,250,200.91,Sell
03/27/2025,12:47:11,AAPL,250,221.49,Sell
03/27/2025,12:48:11,AMZN,250,200.89,Sell
03/27/2025,12:48:11,MSFT,250,389.82,Buy
03/27/2025,12:48:11,AAPL,250,221.12,Buy
03/27/2025,12:48:11,AAPL,250,221.37,Sell
03/27/2025,12:49:05,AAPL,250,221.35,Sell
03/27/2025,12:49:08,AMZN,250,200.59,Buy
03/27/2025,12:49:09,GOOG,250,167.20,Buy
03/27/2025,12:50:01,AMZN,250,200.59,Buy
03/27/2025,12:50:06,GOOG,250,167.20,Buy
03/27/2025,12:50:11,AAPL,250,221.13,Buy
03/27/2025,12:50:11,AAPL,250,221.37,Sell
03/27/2025,12:51:11,AAPL,250,221.15,Buy
03/27/2025,12:51:11,AAPL,250,221.33,Sell
03/27/2025,12:51:58,AMZN,250,200.50,Buy
03/27/2025,12:52:00,MSFT,250,389.82,Buy
03/27/2025,12:52:02,AAPL,250,221.20,Buy
03/27/2025,12:52:02,AAPL,250,221.36,Sell
03/27/2025,12:52:10,GOOG,250,167.18,Buy
03/27/2025,12:53:06,AAPL,250,221.19,Buy
03/27/2025,12:53:09,GOOG,250,167.17,Buy
03/27/2025,12:53:11,AMZN,250,200.50,Buy
03/27/2025,12:53:57,AMZN,250,200.61,Sell
03/27/2025,12:54:10,AAPL,250,221.21,Buy
03/27/2025,12:54:10,AAPL,250,221.44,Sell
03/27/2025,12:54:23,META,250,606.19,Buy
03/27/2025,12:54:41,AAPL,250,221.19,Buy
03/27/2025,12:55:03,GOOG,250,167.14,Buy
03/27/2025,12:55:11,AMZN,250,200.33,Buy
03/27/2025,12:55:58,GOOG,250,167.15,Buy
03/27/2025,12:56:06,AAPL,250,221.19,Buy
03/27/2025,12:56:06,AAPL,250,221.44,Sell
03/27/2025,12:56:10,MSFT,250,390.23,Sell
03/27/2025,12:56:11,AMZN,250,200.35,Buy
03/27/2025,12:57:03,MSFT,250,390.19,Sell
03/27/2025,12:57:03,GOOG,250,167.14,Buy
03/27/2025,12:57:08,AMZN,250,200.53,Sell
03/27/2025,12:57:11,AAPL,250,221.14,Buy
03/27/2025,12:57:11,AAPL,250,221.42,Sell
03/27/2025,12:58:07,AMZN,250,200.42,Buy
03/27/2025,12:58:07,AMZN,250,200.60,Sell
03/27/2025,12:58:09,MSFT,250,390.29,Sell
03/27/2025,12:59:06,MSFT,250,390.29,Sell
03/27/2025,12:59:07,AAPL,250,221.53,Buy
03/27/2025,12:59:07,AAPL,250,221.57,Sell
03/27/2025,12:59:10,AMZN,250,200.37,Buy
03/27/2025,12:59:10,AMZN,250,200.56,Sell
03/27/2025,13:00:11,AAPL,250,221.43,Buy
03/27/2025,13:00:11,AAPL,250,221.66,Sell
03/27/2025,13:00:11,AMZN,250,200.36,Buy
03/27/2025,13:00:11,AMZN,250,200.55,Sell
03/27/2025,13:00:11,MSFT,250,390.40,Sell
03/27/2025,13:01:10,AAPL,250,221.45,Buy
03/27/2025,13:01:10,AAPL,250,221.64,Sell
03/27/2025,13:01:11,AMZN,250,200.52,Sell
03/27/2025,13:02:08,AAPL,250,221.50,Buy
03/27/2025,13:02:11,AMZN,250,200.40,Buy
03/27/2025,13:02:41,AMZN,250,200.40,Buy
03/27/2025,13:03:08,AAPL,250,221.47,Buy
03/27/2025,13:03:08,AAPL,250,221.66,Sell
03/27/2025,13:03:11,MSFT,250,390.37,Sell
03/27/2025,13:04:05,AAPL,250,221.47,Buy
03/27/2025,13:04:11,AMZN,250,200.59,Sell
03/27/2025,13:05:10,AAPL,250,221.55,Buy
03/27/2025,13:05:10,AAPL,250,221.74,Sell
03/27/2025,13:05:11,AMZN,250,200.51,Buy
03/27/2025,13:05:11,AMZN,250,200.69,Sell
03/27/2025,13:06:11,AMZN,250,200.51,Buy
03/27/2025,13:06:11,AAPL,250,221.74,Buy
03/27/2025,13:06:11,AAPL,250,221.83,Sell
03/27/2025,13:07:11,AAPL,250,221.70,Buy
03/27/2025,13:07:11,AAPL,250,221.83,Sell
03/27/2025,13:07:11,AMZN,250,200.66,Buy
03/27/2025,13:07:11,AMZN,250,200.89,Sell
03/27/2025,13:07:11,MSFT,250,390.62,Sell
03/27/2025,13:08:00,AAPL,250,221.79,Buy
03/27/2025,13:08:00,AAPL,250,221.89,Sell
03/27/2025,13:08:11,AMZN,250,200.94,Sell
03/27/2025,13:08:51,GOOG,250,167.45,Sell
03/27/2025,13:09:07,MSFT,250,390.34,Buy
03/27/2025,13:09:08,AAPL,250,221.72,Buy
03/27/2025,13:09:08,AAPL,250,221.84,Sell
03/27/2025,13:09:41,AAPL,250,221.67,Buy
03/27/2025,13:09:41,AAPL,250,221.83,Sell
03/27/2025,13:10:08,AMZN,250,200.59,Buy
03/27/2025,13:10:08,AMZN,250,200.76,Sell
03/27/2025,13:10:57,AMZN,250,200.76,Sell
03/27/2025,13:11:02,AAPL,250,221.70,Buy
03/27/2025,13:11:02,AAPL,250,221.82,Sell
03/27/2025,13:11:06,GOOG,250,167.40,Sell
03/27/2025,13:12:04,GOOG,250,167.39,Sell
03/27/2025,13:12:11,AAPL,250,221.76,Sell
03/27/2025,13:13:08,AMZN,250,200.48,Buy
03/27/2025,13:13:08,AMZN,250,200.70,Sell
03/27/2025,13:13:08,AAPL,250,221.47,Buy
03/27/2025,13:14:04,AMZN,250,200.68,Sell
03/27/2025,13:14:07,AAPL,250,221.53,Buy
03/27/2025,13:14:07,AAPL,250,221.61,Sell
03/27/2025,13:14:09,MSFT,250,390.12,Buy
03/27/2025,13:15:07,AAPL,250,221.53,Buy
03/27/2025,13:15:07,AAPL,250,221.60,Sell
03/27/2025,13:15:08,MSFT,250,390.33,Buy
03/27/2025,13:15:08,AMZN,250,200.38,Sell
03/27/2025,13:16:11,AAPL,250,221.39,Buy
03/27/2025,13:16:11,AAPL,250,221.60,Sell
03/27/2025,13:17:09,AAPL,250,221.50,Sell
03/27/2025,13:17:10,AMZN,250,200.32,Buy
03/27/2025,13:17:10,AMZN,250,200.41,Sell
03/27/2025,13:18:11,MSFT,250,390.33,Buy
03/27/2025,13:18:11,AAPL,250,221.45,Sell
03/27/2025,13:18:11,AMZN,250,200.24,Buy
03/27/2025,13:18:11,AMZN,250,200.35,Sell
03/27/2025,13:19:07,AAPL,250,221.22,Buy
03/27/2025,13:19:07,AAPL,250,221.39,Sell
03/27/2025,13:19:11,MSFT,250,390.33,Buy
03/27/2025,13:19:11,AMZN,250,200.22,Buy
03/27/2025,13:20:09,AMZN,250,200.38,Sell
03/27/2025,13:20:09,AAPL,250,221.23,Buy
03/27/2025,13:20:09,AAPL,250,221.39,Sell
03/27/2025,13:20:43,AAPL,250,221.25,Buy
03/27/2025,13:20:43,AAPL,250,221.35,Sell
03/27/2025,13:21:00,AMZN,250,200.34,Sell
03/27/2025,13:21:39,AAPL,250,221.24,Buy
03/27/2025,13:21:39,AAPL,250,221.35,Sell
03/27/2025,13:22:11,AMZN,250,200.20,Buy
03/27/2025,13:22:11,AMZN,250,200.50,Sell
03/27/2025,13:23:08,MSFT,250,390.05,Buy
03/27/2025,13:23:10,AAPL,250,221.24,Buy
03/27/2025,13:23:10,AAPL,250,221.39,Sell
03/27/2025,13:23:11,AMZN,250,200.30,Buy
03/27/2025,13:24:00,MSFT,250,390.01,Buy
03/27/2025,13:24:00,MSFT,250,390.49,Sell
03/27/2025,13:24:04,AAPL,250,221.24,Buy
03/27/2025,13:24:04,AAPL,250,221.35,Sell
03/27/2025,13:24:06,AMZN,250,200.20,Buy
03/27/2025,13:24:09,GOOG,250,166.86,Buy
03/27/2025,13:25:10,AMZN,250,199.98,Buy
03/27/2025,13:25:10,AMZN,250,200.20,Sell
03/27/2025,13:25:11,AAPL,250,220.86,Buy
03/27/2025,13:25:11,AAPL,250,221.04,Sell
03/27/2025,13:26:09,AMZN,250,200.05,Buy
03/27/2025,13:26:10,MSFT,250,389.50,Buy
03/27/2025,13:26:11,AAPL,250,220.95,Buy
03/27/2025,13:26:11,AAPL,250,221.07,Sell
03/27/2025,13:26:11,GOOG,250,166.54,Buy
03/27/2025,13:27:06,MSFT,250,389.53,Buy
03/27/2025,13:27:11,GOOG,250,166.47,Buy
03/27/2025,13:27:11,AAPL,250,220.95,Buy
03/27/2025,13:28:11,AAPL,250,221.17,Buy
03/27/2025,13:28:11,AAPL,250,221.25,Sell
03/27/2025,13:28:11,AMZN,250,199.98,Buy
03/27/2025,13:28:11,AMZN,250,201.35,Sell
03/27/2025,13:29:00,MSFT,250,390.00,Sell
03/27/2025,13:29:08,AAPL,250,221.25,Buy
03/27/2025,13:29:08,AAPL,250,221.39,Sell
03/27/2025,13:30:11,AMZN,250,200.32,Buy
03/27/2025,13:30:11,MSFT,250,389.44,Buy
03/27/2025,13:30:11,MSFT,250,389.58,Sell
03/27/2025,13:30:11,AAPL,250,221.23,Buy
03/27/2025,13:30:11,AAPL,250,221.38,Sell
03/27/2025,13:31:11,AAPL,250,221.52,Buy
03/27/2025,13:31:11,AAPL,250,221.60,Sell
03/27/2025,13:31:11,MSFT,250,389.79,Buy
03/27/2025,13:32:11,AAPL,250,221.60,Buy
03/27/2025,13:32:11,AMZN,250,200.49,Sell
03/27/2025,13:33:11,MSFT,250,389.28,Sell
03/27/2025,13:33:11,AMZN,250,199.79,Sell
03/27/2025,13:33:11,AAPL,250,221.28,Buy
03/27/2025,13:34:11,MSFT,250,389.09,Sell
03/27/2025,13:34:11,AMZN,250,199.49,Sell
03/27/2025,13:34:11,AAPL,250,221.05,Buy
03/27/2025,13:34:11,AAPL,250,221.17,Sell
03/27/2025,13:35:11,AAPL,250,221.26,Buy
03/27/2025,13:35:11,AAPL,250,221.35,Sell
03/27/2025,13:36:11,AMZN,250,199.63,Buy
03/27/2025,13:36:11,AAPL,250,221.10,Buy
03/27/2025,13:36:11,AAPL,250,221.15,Sell
03/27/2025,13:37:11,AMZN,250,199.83,Sell
03/27/2025,13:37:11,AAPL,250,220.63,Buy
03/27/2025,13:37:11,AAPL,250,220.65,Sell
03/27/2025,13:38:11,MSFT,250,388.53,Sell
03/27/2025,13:38:11,AAPL,250,221.29,Buy
03/27/2025,13:38:11,AAPL,250,221.35,Sell
03/27/2025,13:38:11,AMZN,250,199.78,Sell
03/27/2025,13:39:11,MSFT,250,388.36,Sell
03/27/2025,13:39:11,AAPL,250,221.29,Buy
03/27/2025,13:39:11,AAPL,250,221.33,Sell
03/27/2025,13:39:11,AMZN,250,200.00,Sell
03/27/2025,13:40:11,AMZN,250,200.16,Sell
03/27/2025,13:40:11,AAPL,250,221.28,Buy
03/27/2025,13:40:11,AAPL,250,221.32,Sell
03/27/2025,13:41:11,AAPL,250,221.11,Buy
03/27/2025,13:41:11,AAPL,250,221.13,Sell
03/27/2025,13:41:11,MSFT,250,387.77,Sell
03/27/2025,13:41:11,AMZN,250,200.17,Buy
03/27/2025,13:41:11,AMZN,250,200.21,Sell
03/27/2025,13:42:11,MSFT,250,388.01,Buy
03/27/2025,13:42:11,MSFT,250,388.20,Sell
03/27/2025,13:42:11,AAPL,250,221.46,Buy
03/27/2025,13:42:11,AAPL,250,221.51,Sell
03/27/2025,13:43:11,AAPL,250,221.14,Buy
03/27/2025,13:43:11,AAPL,250,221.17,Sell
03/27/2025,13:43:11,AMZN,250,200.12,Buy
03/27/2025,13:43:11,AMZN,250,200.18,Sell
03/27/2025,13:44:11,AAPL,250,221.18,Buy
03/27/2025,13:44:11,AAPL,250,221.22,Sell
03/27/2025,13:45:11,MSFT,250,388.80,Sell
03/27/2025,13:45:11,AAPL,250,221.46,Buy
03/27/2025,13:45:11,AAPL,250,221.49,Sell
03/27/2025,13:45:11,AMZN,250,200.83,Sell
03/27/2025,13:46:11,MSFT,250,388.39,Sell
03/27/2025,13:46:11,AAPL,250,221.45,Buy
03/27/2025,13:46:11,AAPL,250,221.48,Sell
03/27/2025,13:47:11,AAPL,250,221.10,Buy
03/27/2025,13:47:11,AAPL,250,221.12,Sell
03/27/2025,13:48:11,AAPL,250,221.03,Buy
03/27/2025,13:48:11,AAPL,250,221.08,Sell
03/27/2025,13:49:11,AAPL,250,220.91,Buy
03/27/2025,13:49:11,AAPL,250,220.96,Sell
03/27/2025,13:50:11,AAPL,250,221.13,Buy
03/27/2025,13:50:11,AAPL,250,221.17,Sell
03/27/2025,13:51:11,AAPL,250,221.14,Buy
03/27/2025,13:51:11,AAPL,250,221.18,Sell
03/27/2025,13:51:11,AMZN,250,200.99,Sell
03/27/2025,13:52:11,AAPL,250,221.16,Buy
03/27/2025,13:52:11,AAPL,250,221.19,Sell
03/27/2025,13:53:11,MSFT,250,388.07,Buy
03/27/2025,13:53:11,AAPL,250,221.14,Buy
03/27/2025,13:53:11,AAPL,250,221.17,Sell
03/27/2025,13:54:11,AAPL,250,220.98,Buy
03/27/2025,13:54:11,AAPL,250,221.01,Sell
03/27/2025,13:55:11,AAPL,250,221.63,Buy
03/27/2025,13:55:11,AAPL,250,221.65,Sell
03/27/2025,13:56:11,META,250,607.75,Sell
03/27/2025,13:56:11,AAPL,250,221.88,Buy
03/27/2025,13:56:11,AAPL,250,221.91,Sell
03/27/2025,13:56:11,AMZN,250,201.36,Sell
03/27/2025,13:57:11,AAPL,250,221.82,Buy
03/27/2025,13:57:11,AAPL,250,221.86,Sell
03/27/2025,13:57:11,MSFT,250,389.35,Sell
03/27/2025,13:58:11,AAPL,250,221.75,Buy
03/27/2025,13:58:11,AAPL,250,221.77,Sell
03/27/2025,13:58:11,AMZN,250,201.79,Sell
03/27/2025,13:59:11,AMZN,250,201.66,Buy
03/27/2025,13:59:11,AAPL,250,221.61,Sell
03/27/2025,14:00:11,AAPL,250,221.61,Buy
03/27/2025,14:00:11,AAPL,250,221.65,Sell
03/27/2025,14:01:11,AAPL,250,221.43,Buy
03/27/2025,14:01:11,AAPL,250,221.44,Sell
03/27/2025,14:01:11,META,250,609.75,Sell
03/27/2025,14:02:11,AMZN,250,201.99,Buy
03/27/2025,14:02:11,AAPL,250,221.32,Buy
03/27/2025,14:02:11,AAPL,250,221.35,Sell
03/27/2025,14:03:11,AAPL,250,221.34,Buy
03/27/2025,14:03:11,AAPL,250,221.39,Sell
03/27/2025,14:04:11,AAPL,250,221.37,Buy
03/27/2025,14:04:11,AAPL,250,221.39,Sell
03/27/2025,14:05:11,AAPL,250,221.33,Buy
03/27/2025,14:05:11,AAPL,250,221.37,Sell
03/27/2025,14:06:11,AAPL,250,221.33,Buy
03/27/2025,14:06:11,AAPL,250,221.37,Sell
03/27/2025,14:07:11,AAPL,250,221.45,Buy
03/27/2025,14:07:11,AAPL,250,221.49,Sell
03/27/2025,14:08:11,AMZN,250,201.78,Buy
03/27/2025,14:08:11,MSFT,250,390.29,Sell
03/27/2025,14:08:11,AAPL,250,221.33,Buy
03/27/2025,14:08:11,AAPL,250,221.38,Sell
03/27/2025,14:09:11,AMZN,250,201.56,Buy
03/27/2025,14:09:11,AAPL,250,221.09,Buy
03/27/2025,14:09:11,AAPL,250,221.11,Sell
03/27/2025,14:10:11,AAPL,250,221.12,Buy
03/27/2025,14:10:11,AAPL,250,221.15,Sell
03/27/2025,14:11:11,META,250,608.26,Buy
03/27/2025,14:11:11,AMZN,250,201.41,Buy
03/27/2025,14:11:11,AAPL,250,220.91,Buy
03/27/2025,14:11:11,AAPL,250,220.96,Sell
03/27/2025,14:12:11,AAPL,250,221.22,Sell
03/27/2025,14:12:11,AMZN,250,201.44,Buy
03/27/2025,14:13:11,AMZN,250,201.86,Buy
03/27/2025,14:13:11,AAPL,250,221.44,Sell
03/27/2025,14:14:11,AMZN,250,202.00,Sell
03/27/2025,14:14:11,AAPL,250,221.41,Buy
03/27/2025,14:15:11,AAPL,250,221.27,Sell
03/27/2025,14:16:11,AAPL,250,221.14,Buy
03/27/2025,14:16:11,AAPL,250,221.18,Sell
03/27/2025,14:16:11,META,250,609.55,Buy
03/27/2025,14:17:11,AAPL,250,220.87,Buy
03/27/2025,14:17:11,AAPL,250,220.92,Sell
03/27/2025,14:17:11,AMZN,250,201.95,Sell
03/27/2025,14:18:11,AAPL,250,221.11,Buy
03/27/2025,14:18:11,AAPL,250,221.16,Sell
03/27/2025,14:18:11,GOOG,250,166.27,Buy
03/27/2025,14:19:11,AAPL,250,221.10,Buy
03/27/2025,14:19:11,AAPL,250,221.13,Sell
03/27/2025,14:20:11,AAPL,250,221.22,Sell
03/27/2025,14:21:11,AAPL,250,221.05,Sell
03/27/2025,14:22:11,AAPL,250,221.03,Buy
03/27/2025,14:22:11,AAPL,250,221.08,Sell
03/27/2025,14:23:11,AAPL,250,220.93,Buy
03/27/2025,14:23:11,AAPL,250,220.97,Sell
03/27/2025,14:23:11,AMZN,250,201.77,Sell
03/27/2025,14:24:11,AAPL,250,221.04,Buy
03/27/2025,14:24:11,AAPL,250,221.08,Sell
03/27/2025,14:24:11,AMZN,250,201.71,Sell
03/27/2025,14:25:11,AAPL,250,221.20,Buy
03/27/2025,14:25:11,AAPL,250,221.22,Sell
03/27/2025,14:26:11,AMZN,250,202.18,Sell
03/27/2025,14:26:11,AAPL,250,221.41,Buy
03/27/2025,14:26:11,AAPL,250,221.45,Sell
03/27/2025,14:27:11,AAPL,250,221.45,Buy
03/27/2025,14:27:11,AMZN,250,202.29,Sell
03/27/2025,14:28:11,AMZN,250,202.31,Sell
03/27/2025,14:29:11,AAPL,250,221.58,Buy
03/27/2025,14:29:11,AAPL,250,221.64,Sell
03/27/2025,14:30:10,AAPL,250,221.68,Buy
03/27/2025,14:31:11,AAPL,250,221.65,Sell
03/27/2025,14:32:11,AAPL,250,221.68,Sell
03/27/2025,14:33:11,AAPL,250,221.81,Sell
03/27/2025,14:33:11,GOOG,250,166.36,Sell
03/27/2025,14:34:11,AAPL,250,221.74,Sell
03/27/2025,14:37:10,AAPL,250,221.82,Sell
03/27/2025,14:38:11,AAPL,250,221.86,Sell
03/27/2025,14:39:11,AAPL,250,221.86,Sell
03/27/2025,14:40:11,AAPL,250,221.83,Sell
03/27/2025,14:41:11,AAPL,250,221.88,Sell
03/27/2025,14:41:11,MSFT,250,390.47,Buy
03/27/2025,14:42:11,AAPL,250,221.91,Sell
03/27/2025,14:44:11,AAPL,250,221.75,Sell
03/27/2025,14:45:11,AAPL,250,221.68,Sell
03/27/2025,14:50:11,MSFT,250,389.83,Buy
03/27/2025,14:50:11,AAPL,250,221.53,Buy
03/27/2025,14:52:10,MSFT,250,389.89,Buy
03/27/2025,14:56:10,MSFT,250,390.48,Sell
03/27/2025,15:05:11,MSFT,250,390.48,Sell
03/27/2025,15:05:11,AAPL,250,222.56,Sell
03/27/2025,15:07:04,MSFT,250,390.51,Sell
03/27/2025,15:11:11,MSFT,250,390.64,Buy
03/27/2025,15:26:11,MSFT,250,391.11,Sell
03/27/2025,15:30:11,MSFT,250,390.54,Buy
03/27/2025,15:31:11,MSFT,250,390.34,Buy
03/27/2025,15:31:11,AMZN,250,202.39,Buy
03/27/2025,15:36:11,AMZN,250,202.17,Buy
03/27/2025,15:38:11,AAPL,250,223.06,Buy
03/27/2025,15:39:11,AAPL,250,222.95,Buy
03/27/2025,15:39:11,AMZN,250,202.21,Buy
03/27/2025,15:42:11,AAPL,250,223.11,Buy
03/27/2025,15:45:11,MSFT,250,390.21,Sell
03/27/2025,15:46:11,MSFT,250,389.94,Sell
03/27/2025,15:46:11,AMZN,250,202.29,Sell
03/27/2025,15:51:11,META,250,607.44,Buy
03/27/2025,15:51:11,AMZN,250,202.52,Sell
03/27/2025,15:53:11,AAPL,250,223.44,Sell
03/27/2025,15:54:11,AAPL,250,223.26,Sell
03/27/2025,15:54:11,AMZN,250,202.52,Sell
03/27/2025,15:57:11,AAPL,250,223.21,Sell
03/27/2025,16:02:11,AMZN,250,202.32,Buy
03/27/2025,16:06:11,META,250,607.69,Sell
03/27/2025,16:06:11,AAPL,250,223.14,Buy
03/27/2025,16:07:11,AAPL,250,223.44,Buy
03/27/2025,16:08:11,AAPL,250,223.11,Buy
03/27/2025,16:09:11,AAPL,250,223.18,Buy
03/27/2025,16:15:11,AAPL,250,223.06,Buy
03/27/2025,16:17:11,AMZN,250,203.08,Sell
03/27/2025,16:21:11,AAPL,250,223.70,Sell
03/27/2025,16:22:11,AAPL,250,223.57,Sell
03/27/2025,16:23:11,AAPL,250,223.50,Sell
03/27/2025,16:24:11,AAPL,250,223.46,Sell
03/27/2025,16:27:11,AAPL,250,223.17,Buy
03/27/2025,16:29:11,AAPL,250,223.23,Buy
03/27/2025,16:30:11,AAPL,250,223.21,Buy
03/27/2025,16:30:11,AAPL,250,223.22,Sell
03/27/2025,16:31:11,AAPL,250,223.38,Buy
03/27/2025,16:34:11,AAPL,250,223.51,Buy
03/27/2025,16:42:11,AAPL,250,223.98,Sell
03/27/2025,16:44:11,AAPL,250,223.83,Sell
03/27/2025,16:45:11,AAPL,250,223.69,Sell
03/27/2025,16:46:11,AAPL,250,223.61,Sell
03/27/2025,16:49:11,AAPL,250,223.33,Sell
03/27/2025,16:50:11,AAPL,250,223.23,Buy
03/27/2025,16:51:10,AAPL,250,223.04,Buy
03/27/2025,16:51:11,MSFT,250,389.89,Buy
03/27/2025,16:52:11,AAPL,250,223.00,Buy
03/27/2025,16:53:11,AAPL,250,223.04,Buy
03/27/2025,16:54:11,AAPL,250,222.95,Buy
03/27/2025,16:55:11,AAPL,250,223.02,Buy
03/27/2025,16:56:11,AAPL,250,222.89,Buy
03/27/2025,16:57:11,AMZN,250,201.71,Buy
03/27/2025,16:57:11,AAPL,250,222.81,Buy
03/27/2025,16:58:11,AAPL,250,222.75,Buy
03/27/2025,16:59:11,AAPL,250,222.94,Buy
03/27/2025,17:00:11,AAPL,250,222.96,Buy
03/27/2025,17:01:11,AAPL,250,222.90,Buy
03/27/2025,17:02:11,AAPL,250,222.80,Buy
03/27/2025,17:03:11,AAPL,250,222.82,Buy
03/27/2025,17:04:11,AAPL,250,223.04,Buy
03/27/2025,17:05:11,AAPL,250,223.03,Buy
03/27/2025,17:05:11,AAPL,250,223.05,Sell
03/27/2025,17:06:11,AAPL,250,223.05,Sell
03/27/2025,17:06:11,MSFT,250,389.82,Sell
03/27/2025,17:07:11,MSFT,250,389.95,Buy
03/27/2025,17:07:11,AAPL,250,223.17,Buy
03/27/2025,17:07:11,AAPL,250,223.20,Sell
03/27/2025,17:08:11,AAPL,250,223.31,Buy
03/27/2025,17:08:11,AAPL,250,223.34,Sell
03/27/2025,17:09:11,AAPL,250,223.41,Sell
03/27/2025,17:10:11,AAPL,250,223.27,Sell
03/27/2025,17:11:11,AAPL,250,223.40,Sell
03/27/2025,17:12:11,AAPL,250,223.49,Sell
03/27/2025,17:12:11,AMZN,250,202.19,Sell
03/27/2025,17:13:11,AAPL,250,223.50,Sell
03/27/2025,17:13:11,MSFT,250,390.17,Buy
03/27/2025,17:14:11,MSFT,250,390.14,Buy
03/27/2025,17:14:11,AAPL,250,223.50,Sell
03/27/2025,17:15:11,AAPL,250,223.59,Sell
03/27/2025,17:16:11,AAPL,250,223.52,Sell
03/27/2025,17:16:11,MSFT,250,390.29,Buy
03/27/2025,17:17:11,MSFT,250,390.24,Buy
03/27/2025,17:17:11,AAPL,250,223.47,Sell
03/27/2025,17:18:11,AAPL,250,223.53,Sell
03/27/2025,17:19:11,AAPL,250,223.56,Sell
03/27/2025,17:20:11,AAPL,250,223.46,Sell
03/27/2025,17:22:10,MSFT,250,390.17,Sell
03/27/2025,17:22:11,AAPL,250,223.55,Sell
03/27/2025,17:23:11,AAPL,250,223.45,Sell
03/27/2025,17:28:09,MSFT,250,390.24,Sell
03/27/2025,17:29:11,MSFT,250,390.11,Sell
03/27/2025,17:31:11,AAPL,250,223.33,Buy
03/27/2025,17:31:11,MSFT,250,389.99,Sell
03/27/2025,17:32:11,MSFT,250,390.05,Sell
03/27/2025,17:33:11,MSFT,250,390.05,Buy
03/27/2025,17:36:11,AAPL,250,223.21,Buy
03/27/2025,17:39:11,AAPL,250,223.21,Buy
03/27/2025,17:44:11,AAPL,250,223.20,Buy
03/27/2025,17:46:11,AAPL,250,223.35,Buy
03/27/2025,17:46:11,AAPL,250,223.39,Sell
03/27/2025,17:48:11,MSFT,250,390.29,Sell
03/27/2025,17:51:11,AAPL,250,223.66,Sell
03/27/2025,17:54:11,AAPL,250,223.41,Sell
03/27/2025,17:56:11,AAPL,250,223.40,Buy
03/27/2025,17:57:11,AAPL,250,223.32,Buy
03/27/2025,17:59:11,AMZN,250,201.65,Buy
03/27/2025,17:59:11,AAPL,250,223.28,Buy
03/27/2025,17:59:11,AAPL,250,223.30,Sell
03/27/2025,18:00:11,AAPL,250,223.36,Buy
03/27/2025,18:01:11,AMZN,250,201.73,Buy
03/27/2025,18:01:11,AAPL,250,223.44,Buy
03/27/2025,18:01:11,AAPL,250,223.48,Sell
03/27/2025,18:02:11,AAPL,250,223.53,Buy
03/27/2025,18:03:11,AAPL,250,223.80,Buy
03/27/2025,18:04:11,AAPL,250,223.64,Buy
03/27/2025,18:11:11,AAPL,250,224.02,Sell
03/27/2025,18:12:11,AAPL,250,223.98,Sell
03/27/2025,18:14:11,AMZN,250,202.50,Sell
03/27/2025,18:14:11,AAPL,250,224.14,Sell
03/27/2025,18:15:11,AAPL,250,224.19,Sell
03/27/2025,18:16:11,AMZN,250,202.54,Sell
03/27/2025,18:16:11,AAPL,250,224.41,Sell
03/27/2025,18:17:11,AAPL,250,224.37,Sell
03/27/2025,18:18:11,AAPL,250,224.27,Sell
03/27/2025,18:19:11,AAPL,250,224.28,Sell
03/27/2025,18:55:11,AAPL,250,224.59,Buy
03/27/2025,18:56:11,AAPL,250,224.47,Buy
03/27/2025,18:57:11,AAPL,250,224.39,Buy
03/27/2025,18:58:11,AMZN,250,202.42,Buy
03/27/2025,19:00:11,AMZN,250,202.32,Buy
03/27/2025,19:02:11,AMZN,250,202.45,Buy
03/27/2025,19:04:11,AAPL,250,224.23,Buy
03/27/2025,19:05:11,AAPL,250,224.22,Buy
03/27/2025,19:06:11,AAPL,250,224.17,Buy
03/27/2025,19:07:11,AAPL,250,224.34,Buy
03/27/2025,19:08:11,AMZN,250,202.20,Buy
03/27/2025,19:09:11,AMZN,250,202.28,Buy
03/27/2025,19:10:11,AAPL,250,224.43,Buy
03/27/2025,19:10:11,AAPL,250,224.44,Sell
03/27/2025,19:11:11,AAPL,250,224.52,Sell
03/27/2025,19:12:11,AAPL,250,224.46,Buy
03/27/2025,19:12:11,AAPL,250,224.48,Sell
03/27/2025,19:13:11,AMZN,250,202.35,Sell
03/27/2025,19:14:11,AAPL,250,224.53,Buy
03/27/2025,19:15:11,AMZN,250,202.65,Sell
03/27/2025,19:17:11,AMZN,250,202.56,Sell
03/27/2025,19:19:11,AAPL,250,224.81,Sell
03/27/2025,19:20:11,AAPL,250,224.91,Sell
03/27/2025,19:21:11,AAPL,250,224.91,Sell
03/27/2025,19:22:11,AAPL,250,224.99,Sell
03/27/2025,19:23:11,AMZN,250,202.78,Sell
03/27/2025,19:24:11,AMZN,250,202.65,Sell
03/27/2025,19:25:11,AAPL,250,224.91,Sell
03/27/2025,19:27:11,AAPL,250,224.83,Sell
03/27/2025,19:29:11,AAPL,250,224.82,Sell
03/27/2025,19:32:11,AAPL,250,224.51,Buy
03/27/2025,19:33:11,AMZN,250,202.16,Buy
03/27/2025,19:36:11,AAPL,250,224.47,Buy
03/27/2025,19:37:11,MSFT,250,391.36,Buy
03/27/2025,19:37:11,AMZN,250,201.90,Buy
03/27/2025,19:38:10,MSFT,250,391.44,Buy
03/27/2025,19:38:11,AMZN,250,201.89,Buy
03/27/2025,19:39:11,AAPL,250,224.38,Buy
03/27/2025,19:39:11,MSFT,250,391.19,Buy
03/27/2025,19:40:11,MSFT,250,391.28,Buy
03/27/2025,19:41:11,AAPL,250,224.60,Buy
03/27/2025,19:42:11,AAPL,250,224.62,Buy
03/27/2025,19:44:11,MSFT,250,391.65,Buy
03/27/2025,19:46:11,AAPL,250,224.85,Buy
03/27/2025,19:47:11,AAPL,250,224.90,Buy
03/27/2025,19:47:11,AAPL,250,224.92,Sell
03/27/2025,19:48:11,AMZN,250,201.98,Sell
03/27/2025,19:51:11,AAPL,250,224.52,Buy
03/27/2025,19:51:11,AAPL,250,224.55,Sell
03/27/2025,19:52:11,MSFT,250,391.17,Sell
03/27/2025,19:52:11,AAPL,250,224.44,Buy
03/27/2025,19:52:11,AMZN,250,201.46,Sell
03/27/2025,19:53:11,AMZN,250,201.35,Sell
03/27/2025,19:53:11,MSFT,250,390.66,Sell
03/27/2025,19:53:11,AAPL,250,224.16,Buy
03/27/2025,19:54:11,MSFT,250,390.24,Buy
03/27/2025,19:54:11,MSFT,250,390.29,Sell
03/27/2025,19:54:11,AAPL,250,223.91,Buy
03/27/2025,19:54:11,AAPL,250,223.93,Sell
03/27/2025,19:55:11,AAPL,250,224.49,Buy
03/27/2025,19:55:11,MSFT,250,390.90,Buy
03/27/2025,19:55:11,MSFT,250,390.97,Sell
03/27/2025,19:56:11,MSFT,250,390.81,Buy
03/27/2025,19:56:11,AAPL,250,224.30,Buy
03/27/2025,19:56:11,AAPL,250,224.32,Sell
03/27/2025,19:57:11,MSFT,250,390.75,Buy
03/27/2025,19:57:11,AAPL,250,224.12,Buy
03/27/2025,19:57:11,AAPL,250,224.13,Sell
03/27/2025,19:58:11,MSFT,250,390.83,Buy
03/27/2025,19:58:11,GOOG,250,164.22,Buy
03/27/2025,19:58:11,AAPL,250,224.08,Buy
03/27/2025,19:59:11,AMZN,250,201.46,Buy
03/27/2025,19:59:11,MSFT,250,390.76,Buy
03/27/2025,19:59:11,MSFT,250,390.78,Sell
03/27/2025,19:59:11,AAPL,250,223.95,Buy
03/27/2025,20:00:01,MSFT,250,390.18,Buy
03/27/2025,20:00:10,GOOG,250,164.00,Buy
03/27/2025,20:01:11,AAPL,250,223.80,Sell
03/27/2025,20:02:05,AAPL,250,223.81,Sell
03/27/2025,20:04:10,AAPL,250,223.82,Buy
03/27/2025,20:05:11,AAPL,250,223.82,Buy
03/27/2025,20:06:03,AAPL,250,223.83,Buy
03/27/2025,20:06:03,AAPL,250,223.90,Sell
03/27/2025,20:06:56,AAPL,250,223.90,Buy
03/27/2025,20:06:56,AAPL,250,224.37,Sell
03/27/2025,20:08:04,AAPL,250,223.86,Buy
03/27/2025,20:08:04,AAPL,250,223.90,Sell
03/27/2025,20:09:07,MSFT,250,390.95,Sell
03/27/2025,20:09:09,AAPL,250,223.90,Buy
03/27/2025,20:09:09,AAPL,250,224.05,Sell
03/27/2025,20:09:59,AAPL,250,223.91,Buy
03/27/2025,20:09:59,AAPL,250,223.95,Sell
03/27/2025,20:10:05,MSFT,250,391.10,Sell
03/27/2025,20:10:56,MSFT,250,391.10,Sell
03/27/2025,20:10:56,MSFT,250,391.10,Sell
03/27/2025,20:10:56,MSFT,250,391.10,Sell
03/27/2025,20:10:56,MSFT,250,391.10,Sell
03/27/2025,20:11:07,AAPL,250,223.91,Buy
03/27/2025,20:11:07,AAPL,250,223.95,Sell
03/27/2025,20:12:11,AAPL,250,223.75,Buy
03/27/2025,20:12:11,AAPL,250,223.85,Sell
03/27/2025,20:12:47,GOOG,250,163.98,Sell
03/27/2025,20:13:10,AAPL,250,223.82,Buy
03/27/2025,20:13:10,AAPL,250,223.85,Sell
03/27/2025,20:14:08,AMZN,250,201.36,Sell
03/27/2025,20:14:09,AAPL,250,223.83,Sell
03/27/2025,20:14:21,GOOG,250,164.01,Sell
03/27/2025,20:14:49,MSFT,250,391.10,Sell
03/27/2025,20:14:57,AAPL,250,223.73,Buy
03/27/2025,20:16:11,AAPL,250,223.67,Buy
03/27/2025,20:19:01,AAPL,250,223.66,Sell
03/27/2025,20:20:05,AAPL,250,223.59,Sell
03/27/2025,20:21:00,AAPL,250,223.39,Buy
03/27/2025,20:21:00,AAPL,250,223.58,Sell
03/27/2025,20:21:54,AAPL,250,223.46,Buy
03/27/2025,20:21:54,AAPL,250,223.54,Sell
03/27/2025,20:22:39,AAPL,250,223.54,Sell
03/27/2025,20:24:04,AAPL,250,223.41,Buy
03/27/2025,20:24:04,AAPL,250,223.49,Sell
03/27/2025,20:25:08,AAPL,250,223.42,Buy
03/27/2025,20:25:08,AAPL,250,223.44,Sell
03/27/2025,20:25:29,AAPL,250,223.42,Buy
03/27/2025,20:25:29,AAPL,250,223.50,Sell
03/27/2025,20:27:08,AAPL,250,223.45,Buy
03/27/2025,20:27:08,AAPL,250,223.50,Sell
03/27/2025,20:27:25,AAPL,250,223.45,Buy
03/27/2025,20:27:25,AAPL,250,223.50,Sell
03/27/2025,20:28:36,AAPL,250,223.45,Buy
03/27/2025,20:29:12,AAPL,250,223.49,Sell
03/27/2025,20:30:58,AAPL,250,223.46,Buy
03/27/2025,20:30:58,AAPL,250,223.49,Sell
03/27/2025,20:31:58,AAPL,250,223.48,Buy
03/27/2025,20:31:58,AAPL,250,223.48,Buy
03/27/2025,20:35:33,AAPL,250,223.52,Sell
03/27/2025,20:36:23,AAPL,250,223.52,Sell
03/27/2025,20:38:24,AAPL,250,223.48,Buy
03/27/2025,20:38:24,AAPL,250,223.60,Sell
03/27/2025,20:38:24,AAPL,250,223.60,Sell
03/27/2025,20:38:24,AAPL,250,223.60,Sell
03/27/2025,20:41:51,AAPL,250,223.60,Sell
03/27/2025,20:42:46,AAPL,250,223.60,Sell
03/27/2025,20:44:07,AAPL,250,223.74,Sell
03/27/2025,20:46:08,AAPL,250,223.85,Sell
03/27/2025,20:46:49,AAPL,250,223.73,Sell
03/27/2025,20:48:08,AAPL,250,223.73,Sell
03/27/2025,20:55:30,AAPL,250,223.70,Sell
03/27/2025,21:16:43,MSFT,250,390.30,Buy
03/27/2025,21:34:49,MSFT,250,390.60,Sell
03/27/2025,21:40:25,MSFT,250,390.30,Buy
03/27/2025,21:52:03,AAPL,250,223.41,Buy
03/27/2025,21:54:03,MSFT,250,390.59,Sell
03/27/2025,22:00:53,AMZN,250,200.86,Buy
03/27/2025,22:01:40,AMZN,250,200.86,Buy
03/27/2025,22:01:49,AAPL,250,223.41,Buy
03/27/2025,22:02:46,AAPL,250,223.45,Buy
03/27/2025,22:03:43,AAPL,250,223.55,Buy
03/27/2025,22:04:23,AMZN,250,201.00,Buy
03/27/2025,22:05:06,AAPL,250,223.45,Buy
03/27/2025,22:05:06,AAPL,250,223.45,Buy
03/27/2025,22:06:14,AAPL,250,223.41,Buy
03/27/2025,22:06:14,AAPL,250,223.41,Buy
03/27/2025,22:06:14,AAPL,250,223.60,Sell
03/27/2025,22:06:35,AMZN,250,200.86,Buy
03/27/2025,22:08:41,AMZN,250,200.87,Buy
03/27/2025,22:10:07,AMZN,250,200.87,Buy
03/27/2025,22:10:13,AAPL,250,223.41,Buy
03/27/2025,22:10:13,AAPL,250,223.59,Sell
03/27/2025,22:10:57,AMZN,250,200.79,Buy
03/27/2025,22:14:28,AMZN,250,200.79,Buy
03/27/2025,22:16:01,AMZN,250,200.88,Sell
03/27/2025,22:16:01,AMZN,250,200.88,Sell
03/27/2025,22:17:58,AMZN,250,200.60,Buy
03/27/2025,22:17:58,AMZN,250,200.89,Sell
03/27/2025,22:18:00,AAPL,250,223.45,Buy
03/27/2025,22:18:00,AAPL,250,223.45,Buy
03/27/2025,22:18:00,AAPL,250,223.59,Sell
03/27/2025,22:18:00,AAPL,250,223.59,Sell
03/27/2025,22:18:00,AAPL,250,223.59,Sell
03/27/2025,22:18:00,AAPL,250,223.59,Sell
03/27/2025,22:18:00,AAPL,250,223.59,Sell
03/27/2025,22:21:11,AMZN,250,200.89,Sell
03/27/2025,22:23:02,AAPL,250,223.45,Buy
03/27/2025,22:23:02,AAPL,250,223.59,Sell
03/27/2025,22:23:48,AMZN,250,201.19,Sell
03/27/2025,22:24:17,AAPL,250,223.45,Buy
03/27/2025,22:24:34,AMZN,250,201.19,Sell
03/27/2025,22:26:09,AMZN,250,201.15,Sell
03/27/2025,22:27:28,AAPL,250,223.41,Buy
03/27/2025,22:27:28,AAPL,250,223.60,Sell
03/27/2025,22:28:34,AMZN,250,200.90,Buy
03/27/2025,22:28:34,AMZN,250,201.14,Sell
03/27/2025,22:31:09,AAPL,250,223.43,Buy
03/27/2025,22:33:03,AMZN,250,201.12,Sell
03/27/2025,22:34:47,AMZN,250,200.81,Buy
03/27/2025,22:35:07,AAPL,250,223.60,Sell
03/27/2025,22:35:07,AAPL,250,223.60,Sell
03/27/2025,22:35:58,AMZN,250,200.85,Buy
03/27/2025,22:38:15,AAPL,250,223.60,Sell
03/27/2025,22:39:46,AAPL,250,223.45,Buy
03/27/2025,22:39:46,AAPL,250,223.59,Sell
03/27/2025,22:40:32,AMZN,250,201.00,Buy
03/27/2025,22:41:28,AMZN,250,201.00,Buy
03/27/2025,22:42:07,AAPL,250,223.40,Buy
03/27/2025,22:42:16,AAPL,250,223.40,Buy
03/27/2025,22:42:16,AAPL,250,223.41,Sell
03/27/2025,22:43:15,AAPL,250,223.59,Sell
03/27/2025,22:44:10,AMZN,250,201.13,Sell
03/27/2025,22:49:25,AAPL,250,223.43,Buy
03/27/2025,22:49:25,AAPL,250,223.59,Sell
03/27/2025,22:49:51,AMZN,250,201.14,Sell
03/27/2025,22:51:00,AMZN,250,201.14,Sell
03/27/2025,22:51:50,AMZN,250,201.00,Buy
03/27/2025,22:52:23,AMZN,250,200.91,Buy
03/27/2025,22:55:55,AMZN,250,201.00,Sell
03/27/2025,22:55:55,AMZN,250,201.00,Sell
03/27/2025,22:57:03,AAPL,250,223.59,Sell
03/27/2025,22:57:23,AMZN,250,200.90,Buy
03/27/2025,22:57:23,AMZN,250,200.90,Buy
03/27/2025,22:57:55,AAPL,250,223.50,Buy
03/27/2025,22:57:55,AAPL,250,223.59,Sell
03/27/2025,22:58:57,AAPL,250,223.40,Buy
03/27/2025,23:03:20,AAPL,250,223.32,Buy
03/27/2025,23:04:59,AAPL,250,223.32,Buy
03/27/2025,23:04:59,AAPL,250,223.57,Sell
03/27/2025,23:06:03,AAPL,250,223.32,Buy
03/27/2025,23:06:09,AMZN,250,200.72,Buy
03/27/2025,23:06:18,AMZN,250,200.90,Sell
03/27/2025,23:06:18,AMZN,250,200.90,Sell
03/27/2025,23:06:33,AAPL,250,223.34,Buy
03/27/2025,23:08:18,AAPL,250,223.35,Buy
03/27/2025,23:10:01,AAPL,250,223.34,Buy
03/27/2025,23:10:52,AAPL,250,223.32,Buy
03/27/2025,23:12:30,AAPL,250,223.29,Buy
03/27/2025,23:12:30,AAPL,250,223.47,Sell
03/27/2025,23:12:30,META,250,601.95,Sell
03/27/2025,23:13:00,AMZN,250,200.50,Buy
03/27/2025,23:13:00,AMZN,250,200.89,Sell
03/27/2025,23:13:00,AMZN,250,200.89,Sell
03/27/2025,23:13:24,AAPL,250,223.47,Sell
03/27/2025,23:16:29,AAPL,250,223.20,Buy
03/27/2025,23:18:59,AAPL,250,223.20,Buy
03/27/2025,23:18:59,AAPL,250,223.47,Sell
03/27/2025,23:19:07,AMZN,250,200.89,Sell
03/27/2025,23:19:58,AAPL,250,223.47,Sell
03/27/2025,23:20:43,AAPL,250,223.39,Sell
03/27/2025,23:22:09,AAPL,250,223.47,Sell
03/27/2025,23:22:44,AAPL,250,223.21,Buy
03/27/2025,23:23:41,AAPL,250,223.40,Sell
03/27/2025,23:23:41,AAPL,250,223.40,Sell
03/27/2025,23:26:06,AMZN,250,200.84,Sell
03/27/2025,23:26:08,AAPL,250,223.40,Sell
03/27/2025,23:26:52,META,250,602.00,Sell
03/27/2025,23:27:36,AAPL,250,223.21,Buy
03/27/2025,23:27:36,AAPL,250,223.21,Buy
03/27/2025,23:27:36,AAPL,250,223.21,Buy
03/27/2025,23:27:36,AAPL,250,223.21,Buy
03/27/2025,23:27:36,AAPL,250,223.47,Sell
03/27/2025,23:27:59,META,250,601.00,Buy
03/27/2025,23:31:57,AAPL,250,223.41,Sell
03/27/2025,23:33:10,AMZN,250,200.50,Buy
03/27/2025,23:34:11,AAPL,250,223.21,Buy
03/27/2025,23:34:11,AAPL,250,223.41,Sell
03/27/2025,23:36:08,META,250,601.95,Sell
03/27/2025,23:37:06,AAPL,250,223.25,Buy
03/27/2025,23:37:46,AMZN,250,200.60,Buy
03/27/2025,23:38:10,AAPL,250,223.25,Buy
03/27/2025,23:38:10,AAPL,250,223.25,Buy
03/27/2025,23:38:10,AAPL,250,223.25,Buy
03/27/2025,23:38:10,AAPL,250,223.46,Sell
03/27/2025,23:38:10,AAPL,250,223.46,Sell
03/27/2025,23:40:51,AMZN,250,200.55,Buy
03/27/2025,23:42:06,META,250,600.75,Buy
03/27/2025,23:44:06,AAPL,250,223.46,Sell
03/27/2025,23:44:06,AAPL,250,223.46,Sell
03/27/2025,23:44:06,AAPL,250,223.46,Sell
03/27/2025,23:46:11,META,250,601.25,Sell
03/27/2025,23:48:05,AAPL,250,223.29,Buy
03/27/2025,23:48:05,AAPL,250,223.47,Sell
03/27/2025,23:50:01,AMZN,250,200.75,Sell
03/27/2025,23:50:26,META,250,601.00,Buy
03/27/2025,23:50:35,AMZN,250,200.75,Buy
03/27/2025,23:50:40,AAPL,250,223.30,Buy
03/27/2025,23:50:40,AAPL,250,223.47,Sell
03/27/2025,23:50:40,AAPL,250,223.47,Sell
03/27/2025,23:53:00,AMZN,250,200.88,Sell
03/27/2025,23:53:52,AAPL,250,223.47,Sell
03/27/2025,23:54:08,GOOG,250,164.07,Sell
03/27/2025,23:55:09,AMZN,250,200.85,Buy
03/27/2025,23:56:09,AMZN,250,200.90,Sell
03/27/2025,23:57:59,AAPL,250,223.50,Sell
03/27/2025,23:58:02,AMZN,250,200.85,Buy
03/27/2025,23:58:28,AAPL,250,223.29,Buy
03/27/2025,23:58:28,AAPL,250,223.29,Buy
03/27/2025,23:58:28,AAPL,250,223.50,Sell
03/27/2025,23:58:28,AAPL,250,223.50,Sell
03/27/2025,23:58:28,AAPL,250,223.50,Sell
03/27/2025,23:58:28,AAPL,250,223.50,Sell
03/27/2025,23:59:03,AMZN,250,200.85,Buy
03/27/2025,23:59:41,GOOG,250,163.86,Buy
03/27/2025,23:59:42,AMZN,250,200.95,Buy
03/27/2025,23:59:42,AMZN,250,200.99,Sell
03/27/2025,23:59:42,AMZN,250,200.99,Sell
03/27/2025,23:59:42,AMZN,250,200.99,Sell
03/27/2025,23:59:42,AMZN,250,200.99,Sell
03/27/2025,23:59:42,AMZN,250,200.99,Sell
03/27/2025,23:59:55,META,250,600.50,Buy
03/28/2025,08:00:57,AAPL,250,222.95,Sell
03/28/2025,08:01:03,AMZN,250,200.49,Sell
03/28/2025,08:01:06,GOOG,250,163.76,Sell
03/28/2025,08:01:52,META,250,599.25,Sell
03/28/2025,08:02:00,GOOG,250,163.74,Sell
03/28/2025,08:04:08,AMZN,250,200.37,Sell
03/28/2025,08:07:10,GOOG,250,163.88,Sell
03/28/2025,08:16:01,AAPL,250,222.58,Buy
03/28/2025,08:16:04,GOOG,250,163.53,Buy
03/28/2025,08:16:10,AMZN,250,200.10,Buy
03/28/2025,08:17:08,META,250,599.80,Buy
03/28/2025,08:17:10,GOOG,250,163.59,Buy
03/28/2025,08:19:01,AMZN,250,200.01,Buy
03/28/2025,08:20:09,GOOG,250,163.52,Sell
03/28/2025,08:22:07,GOOG,250,163.39,Buy
03/28/2025,08:28:06,GOOG,250,163.38,Sell
03/28/2025,08:35:11,GOOG,250,163.25,Buy
03/28/2025,08:37:02,GOOG,250,163.30,Sell
03/28/2025,08:39:06,GOOG,250,163.30,Sell
03/28/2025,08:40:09,GOOG,250,163.30,Sell
03/28/2025,08:42:03,GOOG,250,163.30,Sell
03/28/2025,08:42:25,GOOG,250,163.24,Buy
03/28/2025,08:43:44,GOOG,250,163.30,Sell
03/28/2025,08:45:11,GOOG,250,163.30,Sell
03/28/2025,08:47:00,GOOG,250,163.30,Sell
03/28/2025,08:48:07,AMZN,250,200.32,Sell
03/28/2025,08:50:11,GOOG,250,163.30,Sell
03/28/2025,08:52:11,GOOG,250,163.33,Sell
03/28/2025,08:52:11,GOOG,250,163.25,Buy
03/28/2025,08:54:10,GOOG,250,163.23,Buy
03/28/2025,08:55:11,GOOG,250,163.25,Buy
03/28/2025,08:56:10,MSFT,250,388.50,Buy
03/28/2025,08:57:11,GOOG,250,163.27,Buy
03/28/2025,08:59:08,GOOG,250,163.26,Buy
03/28/2025,09:00:10,GOOG,250,163.29,Buy
03/28/2025,09:01:08,AMZN,250,200.14,Sell
03/28/2025,09:02:11,GOOG,250,163.32,Buy
03/28/2025,09:03:11,AMZN,250,200.12,Buy
03/28/2025,09:05:06,GOOG,250,163.38,Buy
03/28/2025,09:06:32,GOOG,250,163.37,Buy
03/28/2025,09:11:01,MSFT,250,388.76,Sell
03/28/2025,09:13:08,GOOG,250,163.45,Sell
03/28/2025,09:15:07,GOOG,250,163.48,Sell
03/28/2025,09:15:32,AMZN,250,200.00,Buy
03/28/2025,09:17:08,GOOG,250,163.47,Sell
03/28/2025,09:24:11,GOOG,250,163.42,Sell
03/28/2025,09:25:10,GOOG,250,163.35,Sell
03/28/2025,09:28:10,GOOG,250,163.24,Buy
03/28/2025,09:30:11,GOOG,250,163.27,Buy
03/28/2025,09:31:11,GOOG,250,163.36,Sell
03/28/2025,09:32:06,GOOG,250,163.22,Buy
03/28/2025,09:35:05,MSFT,250,388.71,Buy
03/28/2025,09:35:09,GOOG,250,163.45,Sell
03/28/2025,09:35:11,AAPL,250,222.32,Sell
03/28/2025,09:36:06,AMZN,250,200.33,Sell
03/28/2025,09:37:10,AMZN,250,200.32,Sell
03/28/2025,09:39:11,GOOG,250,163.36,Buy
03/28/2025,09:40:11,GOOG,250,163.33,Buy
03/28/2025,09:41:05,GOOG,250,163.33,Sell
03/28/2025,09:45:10,AMZN,250,200.25,Sell
03/28/2025,09:45:10,META,250,599.97,Sell
03/28/2025,09:46:10,GOOG,250,163.23,Buy
03/28/2025,09:47:10,GOOG,250,163.30,Sell
03/28/2025,09:49:31,MSFT,250,388.71,Sell
03/28/2025,09:50:09,GOOG,250,163.35,Sell
03/28/2025,09:50:09,GOOG,250,163.29,Buy
03/28/2025,09:50:09,AAPL,250,222.17,Sell
03/28/2025,09:50:09,AAPL,250,222.11,Buy
03/28/2025,09:50:49,AMZN,250,200.00,Buy
03/28/2025,09:51:00,MSFT,250,388.21,Buy
03/28/2025,09:52:10,GOOG,250,163.48,Sell
03/28/2025,09:52:10,AMZN,250,200.00,Buy
03/28/2025,09:52:47,GOOG,250,163.39,Sell
03/28/2025,09:56:05,GOOG,250,163.42,Buy
03/28/2025,09:59:11,META,250,599.50,Buy
03/28/2025,10:00:05,AMZN,250,200.05,Buy
03/28/2025,10:00:08,GOOG,250,163.50,Sell
03/28/2025,10:02:05,GOOG,250,163.49,Buy
03/28/2025,10:03:55,META,250,600.00,Sell
03/28/2025,10:04:09,GOOG,250,163.59,Sell
03/28/2025,10:05:08,GOOG,250,163.48,Buy
03/28/2025,10:05:09,AAPL,250,222.07,Buy
03/28/2025,10:06:06,MSFT,250,388.58,Sell
03/28/2025,10:06:10,GOOG,250,163.51,Sell
03/28/2025,10:07:10,AMZN,250,200.30,Sell
03/28/2025,10:07:11,GOOG,250,163.42,Buy
03/28/2025,10:08:11,GOOG,250,163.59,Sell
03/28/2025,10:08:11,GOOG,250,163.44,Buy
03/28/2025,10:09:07,AMZN,250,200.32,Sell
03/28/2025,10:10:09,AMZN,250,200.22,Sell
03/28/2025,10:10:10,AAPL,250,222.20,Sell
03/28/2025,10:10:45,AMZN,250,200.32,Sell
03/28/2025,10:11:11,GOOG,250,163.71,Sell
03/28/2025,10:12:11,GOOG,250,163.68,Sell
03/28/2025,10:13:09,AMZN,250,200.37,Sell
03/28/2025,10:13:09,META,250,601.00,Sell
03/28/2025,10:13:11,GOOG,250,163.76,Sell
03/28/2025,10:13:57,AMZN,250,200.39,Sell
03/28/2025,10:13:58,AAPL,250,222.43,Sell
03/28/2025,10:15:10,GOOG,250,163.63,Sell
03/28/2025,10:15:10,GOOG,250,163.56,Buy
03/28/2025,10:17:31,AMZN,250,200.30,Sell
03/28/2025,10:19:09,META,250,599.81,Buy
03/28/2025,10:19:10,GOOG,250,163.63,Buy
03/28/2025,10:20:11,AMZN,250,200.44,Sell
03/28/2025,10:20:57,AMZN,250,200.35,Buy
03/28/2025,10:21:07,GOOG,250,163.67,Buy
03/28/2025,10:22:36,GOOG,250,163.71,Buy
03/28/2025,10:24:10,AMZN,250,200.35,Buy
03/28/2025,10:25:00,AAPL,250,222.50,Sell
03/28/2025,10:25:00,AAPL,250,222.41,Buy
03/28/2025,10:25:08,AMZN,250,200.52,Sell
03/28/2025,10:25:08,AMZN,250,200.38,Buy
03/28/2025,10:26:06,AMZN,250,200.36,Buy
03/28/2025,10:26:09,GOOG,250,163.74,Buy
03/28/2025,10:27:10,GOOG,250,163.77,Sell
03/28/2025,10:27:10,GOOG,250,163.70,Buy
03/28/2025,10:28:02,META,250,600.03,Buy
03/28/2025,10:28:05,AMZN,250,200.34,Buy
03/28/2025,10:28:09,GOOG,250,163.76,Sell
03/28/2025,10:28:09,GOOG,250,163.70,Buy
03/28/2025,10:29:05,AAPL,250,222.34,Buy
03/28/2025,10:29:10,AMZN,250,200.32,Buy
03/28/2025,10:30:09,GOOG,250,163.73,Buy
03/28/2025,10:32:04,META,250,601.23,Sell
03/28/2025,10:32:11,GOOG,250,163.86,Sell
03/28/2025,10:33:11,AMZN,250,200.35,Buy
03/28/2025,10:33:11,GOOG,250,163.86,Sell
03/28/2025,10:34:11,META,250,603.54,Sell
03/28/2025,10:35:02,AMZN,250,200.40,Buy
03/28/2025,10:36:10,META,250,603.11,Sell
03/28/2025,10:36:11,GOOG,250,163.96,Sell
03/28/2025,10:38:00,META,250,603.53,Sell
03/28/2025,10:38:01,MSFT,250,388.90,Buy
03/28/2025,10:38:11,GOOG,250,163.89,Sell
03/28/2025,10:39:10,AAPL,250,222.50,Sell
03/28/2025,10:40:01,AMZN,250,200.40,Buy
03/28/2025,10:40:11,AAPL,250,222.39,Buy
03/28/2025,10:42:10,AAPL,250,222.63,Sell
03/28/2025,10:42:10,GOOG,250,163.87,Buy
03/28/2025,10:43:01,GOOG,250,163.88,Buy
03/28/2025,10:45:09,GOOG,250,163.91,Sell
03/28/2025,10:46:10,GOOG,250,163.85,Sell
03/28/2025,10:47:08,GOOG,250,163.72,Buy
03/28/2025,10:47:10,META,250,602.36,Buy
03/28/2025,10:48:11,GOOG,250,163.88,Sell
03/28/2025,10:48:11,GOOG,250,163.80,Buy
03/28/2025,10:48:53,META,250,602.69,Buy
03/28/2025,10:51:10,META,250,602.69,Buy
03/28/2025,10:51:10,GOOG,250,163.87,Sell
03/28/2025,10:51:10,GOOG,250,163.77,Buy
03/28/2025,10:52:09,GOOG,250,163.80,Sell
03/28/2025,10:53:00,GOOG,250,163.82,Sell
03/28/2025,10:53:00,GOOG,250,163.75,Buy
03/28/2025,10:53:10,META,250,602.69,Buy
03/28/2025,10:53:10,MSFT,250,389.39,Sell
03/28/2025,10:54:10,AAPL,250,222.35,Buy
03/28/2025,10:55:05,META,250,602.45,Sell
03/28/2025,10:55:08,GOOG,250,163.69,Sell
03/28/2025,10:57:09,GOOG,250,163.83,Sell
03/28/2025,10:57:11,AAPL,250,222.27,Buy
03/28/2025,11:00:10,GOOG,250,163.75,Buy
03/28/2025,11:01:11,GOOG,250,163.79,Sell
03/28/2025,11:01:11,GOOG,250,163.62,Buy
03/28/2025,11:02:11,GOOG,250,163.79,Sell
03/28/2025,11:02:49,GOOG,250,163.67,Buy
03/28/2025,11:04:04,GOOG,250,163.61,Sell
03/28/2025,11:06:11,GOOG,250,163.48,Sell
03/28/2025,11:06:11,GOOG,250,163.35,Buy
03/28/2025,11:07:07,GOOG,250,163.57,Sell
03/28/2025,11:07:07,GOOG,250,163.35,Buy
03/28/2025,11:08:10,GOOG,250,163.50,Buy
03/28/2025,11:09:08,META,250,601.84,Sell
03/28/2025,11:09:58,META,250,600.68,Buy
03/28/2025,11:10:07,GOOG,250,163.48,Buy
03/28/2025,11:12:01,GOOG,250,163.44,Buy
03/28/2025,11:16:09,GOOG,250,163.48,Buy
03/28/2025,11:17:10,GOOG,250,163.54,Buy
03/28/2025,11:18:08,GOOG,250,163.77,Sell
03/28/2025,11:18:48,GOOG,250,163.70,Buy
03/28/2025,11:21:05,GOOG,250,163.82,Sell
03/28/2025,11:21:05,GOOG,250,163.73,Buy
03/28/2025,11:22:11,GOOG,250,163.74,Buy
03/28/2025,11:23:11,GOOG,250,163.91,Sell
03/28/2025,11:24:09,GOOG,250,163.89,Sell
03/28/2025,11:24:10,META,250,601.00,Buy
03/28/2025,11:25:11,GOOG,250,163.91,Sell
03/28/2025,11:27:04,GOOG,250,163.87,Sell
03/28/2025,11:27:06,MSFT,250,388.97,Buy
03/28/2025,11:27:09,AMZN,250,200.45,Sell
03/28/2025,11:28:04,MSFT,250,388.60,Buy
03/28/2025,11:28:57,AMZN,250,200.44,Sell
03/28/2025,11:30:03,MSFT,250,388.50,Buy
03/28/2025,11:30:10,AMZN,250,200.44,Sell
03/28/2025,11:30:53,AMZN,250,200.39,Sell
03/28/2025,11:31:06,GOOG,250,163.57,Sell
03/28/2025,11:32:11,AMZN,250,200.27,Sell
03/28/2025,11:33:11,GOOG,250,163.57,Sell
03/28/2025,11:33:11,GOOG,250,163.45,Buy
03/28/2025,11:34:08,GOOG,250,163.54,Sell
03/28/2025,11:35:11,GOOG,250,163.61,Sell
03/28/2025,11:36:10,GOOG,250,163.48,Buy
03/28/2025,11:38:11,GOOG,250,163.54,Buy
03/28/2025,11:39:05,GOOG,250,163.65,Sell
03/28/2025,11:39:05,GOOG,250,163.54,Buy
03/28/2025,11:40:03,GOOG,250,163.54,Buy
03/28/2025,11:42:00,GOOG,250,163.52,Buy
03/28/2025,11:42:00,AMZN,250,200.35,Buy
03/28/2025,11:42:04,MSFT,250,388.84,Sell
03/28/2025,11:43:06,MSFT,250,388.94,Sell
03/28/2025,11:44:07,GOOG,250,163.82,Sell
03/28/2025,11:44:09,AMZN,250,200.40,Buy
03/28/2025,11:44:50,AMZN,250,200.45,Sell
03/28/2025,11:44:50,AMZN,250,200.41,Buy
03/28/2025,11:44:59,MSFT,250,388.94,Sell
03/28/2025,11:46:05,AMZN,250,200.60,Sell
03/28/2025,11:46:05,AMZN,250,200.51,Buy
03/28/2025,11:46:10,GOOG,250,163.67,Buy
03/28/2025,11:47:08,AMZN,250,200.55,Buy
03/28/2025,11:48:09,GOOG,250,163.60,Buy
03/28/2025,11:48:10,AMZN,250,200.74,Sell
03/28/2025,11:49:09,GOOG,250,163.75,Sell
03/28/2025,11:49:09,GOOG,250,163.64,Buy
03/28/2025,11:50:08,GOOG,250,163.76,Sell
03/28/2025,11:50:08,GOOG,250,163.67,Buy
03/28/2025,11:50:11,AMZN,250,200.81,Sell
03/28/2025,11:51:06,AMZN,250,200.84,Sell
03/28/2025,11:52:11,AMZN,250,200.86,Sell
03/28/2025,11:53:11,AMZN,250,200.80,Sell
03/28/2025,11:53:57,AMZN,250,200.85,Sell
03/28/2025,11:54:07,GOOG,250,163.69,Sell
03/28/2025,11:54:07,GOOG,250,163.66,Buy
03/28/2025,11:55:06,AMZN,250,200.91,Sell
03/28/2025,11:57:10,META,250,602.63,Sell
03/28/2025,11:59:04,AMZN,250,200.88,Sell
03/28/2025,11:59:10,GOOG,250,163.66,Buy
03/28/2025,12:00:10,AMZN,250,200.95,Sell
03/28/2025,12:00:10,AMZN,250,200.90,Buy
03/28/2025,12:00:58,GOOG,250,163.73,Sell
03/28/2025,12:01:11,AMZN,250,200.80,Sell
03/28/2025,12:01:11,AMZN,250,200.66,Buy
03/28/2025,12:02:00,GOOG,250,163.83,Sell
03/28/2025,12:02:09,META,250,603.16,Sell
03/28/2025,12:02:47,AMZN,250,200.83,Buy
03/28/2025,12:03:11,GOOG,250,163.81,Sell
03/28/2025,12:04:11,GOOG,250,163.59,Buy
03/28/2025,12:05:11,GOOG,250,163.64,Sell
03/28/2025,12:05:11,GOOG,250,163.55,Buy
03/28/2025,12:05:11,AMZN,250,200.54,Buy
03/28/2025,12:06:03,AMZN,250,200.65,Buy
03/28/2025,12:06:11,GOOG,250,163.60,Sell
03/28/2025,12:06:58,META,250,602.50,Sell
03/28/2025,12:07:01,AMZN,250,200.65,Buy
03/28/2025,12:08:07,AMZN,250,200.66,Buy
03/28/2025,12:08:50,AMZN,250,200.65,Buy
03/28/2025,12:09:03,GOOG,250,163.65,Sell
03/28/2025,12:09:03,GOOG,250,163.60,Buy
03/28/2025,12:10:09,AMZN,250,200.58,Buy
03/28/2025,12:11:07,META,250,602.59,Sell
03/28/2025,12:11:08,GOOG,250,163.59,Sell
03/28/2025,12:12:10,META,250,602.00,Buy
03/28/2025,12:12:59,MSFT,250,388.50,Buy
03/28/2025,12:13:11,GOOG,250,163.65,Sell
03/28/2025,12:14:11,GOOG,250,163.62,Sell
03/28/2025,12:14:11,AMZN,250,200.43,Buy
03/28/2025,12:15:01,GOOG,250,163.64,Sell
03/28/2025,12:15:10,AMZN,250,200.42,Buy
03/28/2025,12:15:35,AMZN,250,200.50,Buy
03/28/2025,12:16:08,GOOG,250,163.93,Sell
03/28/2025,12:16:08,GOOG,250,163.55,Buy
03/28/2025,12:16:46,META,250,602.00,Buy
03/28/2025,12:17:03,GOOG,250,163.68,Sell
03/28/2025,12:17:03,GOOG,250,163.55,Buy
03/28/2025,12:18:11,GOOG,250,163.55,Buy
03/28/2025,12:20:07,GOOG,250,163.46,Buy
03/28/2025,12:21:11,GOOG,250,163.48,Buy
03/28/2025,12:22:04,META,250,602.30,Buy
03/28/2025,12:24:09,GOOG,250,163.51,Buy
03/28/2025,12:24:10,META,250,602.68,Sell
03/28/2025,12:25:09,GOOG,250,163.56,Sell
03/28/2025,12:26:05,GOOG,250,163.47,Sell
03/28/2025,12:26:05,GOOG,250,163.40,Buy
03/28/2025,12:26:08,META,250,601.31,Buy
03/28/2025,12:27:09,META,250,601.99,Sell
03/28/2025,12:27:40,MSFT,250,388.70,Sell
03/28/2025,12:27:56,GOOG,250,163.30,Buy
03/28/2025,12:28:03,META,250,601.97,Sell
03/28/2025,12:29:09,GOOG,250,163.35,Sell
03/28/2025,12:29:09,GOOG,250,163.27,Buy
03/28/2025,12:30:09,GOOG,250,163.80,Sell
03/28/2025,12:30:09,GOOG,250,163.04,Buy
03/28/2025,12:30:11,META,250,602.25,Sell
03/28/2025,12:31:11,GOOG,250,163.23,Sell
03/28/2025,12:31:11,GOOG,250,163.08,Buy
03/28/2025,12:32:08,GOOG,250,163.10,Sell
03/28/2025,12:32:08,GOOG,250,163.00,Buy
03/28/2025,12:35:10,AMZN,250,199.96,Buy
03/28/2025,12:37:11,GOOG,250,163.07,Sell
03/28/2025,12:38:11,AMZN,250,199.65,Buy
03/28/2025,12:39:05,GOOG,250,163.07,Sell
03/28/2025,12:39:11,META,250,599.80,Buy
03/28/2025,12:40:10,GOOG,250,162.93,Buy
03/28/2025,12:40:11,AMZN,250,199.65,Buy
03/28/2025,12:41:05,GOOG,250,162.94,Buy
03/28/2025,12:42:05,META,250,599.51,Buy
03/28/2025,12:42:08,AMZN,250,199.52,Buy
03/28/2025,12:43:10,META,250,599.50,Buy
03/28/2025,12:44:11,GOOG,250,162.98,Buy
03/28/2025,12:45:02,META,250,598.82,Buy
03/28/2025,12:45:10,GOOG,250,163.01,Buy
03/28/2025,12:46:08,AMZN,250,199.40,Buy
03/28/2025,12:46:11,GOOG,250,163.07,Buy
03/28/2025,12:47:11,GOOG,250,162.89,Buy
03/28/2025,12:50:09,AMZN,250,199.40,Sell
03/28/2025,12:51:08,MSFT,250,387.55,Buy
03/28/2025,12:52:08,GOOG,250,162.96,Buy
03/28/2025,12:53:11,AMZN,250,199.48,Sell
03/28/2025,12:54:11,GOOG,250,163.05,Buy
03/28/2025,12:55:06,GOOG,250,163.20,Sell
03/28/2025,12:55:06,AMZN,250,199.40,Sell
03/28/2025,12:55:10,MSFT,250,387.61,Buy
03/28/2025,12:57:08,AMZN,250,199.43,Sell
03/28/2025,13:01:06,MSFT,250,387.70,Buy
03/28/2025,13:01:10,AMZN,250,199.03,Sell
03/28/2025,13:05:11,GOOG,250,162.94,Sell
03/28/2025,13:06:07,MSFT,250,387.92,Sell
03/28/2025,13:06:08,GOOG,250,162.90,Sell
03/28/2025,13:07:11,GOOG,250,163.00,Sell
03/28/2025,13:08:11,GOOG,250,163.38,Sell
03/28/2025,13:09:11,GOOG,250,163.35,Sell
03/28/2025,13:10:11,GOOG,250,163.31,Sell
03/28/2025,13:10:11,GOOG,250,163.19,Buy
03/28/2025,13:10:11,MSFT,250,388.85,Sell
03/28/2025,13:11:11,MSFT,250,388.29,Buy
03/28/2025,13:12:08,MSFT,250,388.59,Buy
03/28/2025,13:12:11,GOOG,250,163.47,Sell
03/28/2025,13:13:11,GOOG,250,163.42,Sell
03/28/2025,13:14:10,GOOG,250,163.49,Sell
03/28/2025,13:15:11,GOOG,250,163.60,Sell
03/28/2025,13:16:08,MSFT,250,389.19,Sell
03/28/2025,13:17:09,MSFT,250,388.91,Buy
03/28/2025,13:17:11,AMZN,250,200.02,Sell
03/28/2025,13:20:10,META,250,600.19,Sell
03/28/2025,13:20:10,GOOG,250,163.72,Sell
03/28/2025,13:20:10,GOOG,250,163.63,Buy
03/28/2025,13:21:11,META,250,600.18,Sell
03/28/2025,13:21:11,GOOG,250,163.48,Buy
03/28/2025,13:22:09,GOOG,250,163.60,Buy
03/28/2025,13:22:11,META,250,600.19,Sell
03/28/2025,13:23:10,GOOG,250,163.60,Buy
03/28/2025,13:24:11,GOOG,250,163.70,Sell
03/28/2025,13:24:11,GOOG,250,163.46,Buy
03/28/2025,13:25:10,GOOG,250,162.75,Buy
03/28/2025,13:26:03,MSFT,250,388.39,Buy
03/28/2025,13:26:03,MSFT,250,388.68,Sell
03/28/2025,13:26:11,GOOG,250,163.15,Sell
03/28/2025,13:27:11,GOOG,250,162.81,Buy
03/28/2025,13:27:11,MSFT,250,388.25,Sell
03/28/2025,13:28:10,GOOG,250,162.28,Buy
03/28/2025,13:29:11,MSFT,250,387.60,Buy
03/28/2025,13:29:11,GOOG,250,162.29,Buy
03/28/2025,13:30:11,GOOG,250,162.89,Buy
03/28/2025,13:31:11,AMZN,250,197.71,Buy
03/28/2025,13:31:11,AAPL,250,221.52,Buy
03/28/2025,13:32:11,AAPL,250,221.71,Buy
03/28/2025,13:32:11,MSFT,250,387.02,Buy
03/28/2025,13:32:11,MSFT,250,387.13,Sell
03/28/2025,13:32:11,AMZN,250,197.49,Buy
03/28/2025,13:32:11,AMZN,250,197.49,Buy
03/28/2025,13:33:11,AMZN,250,197.80,Buy
03/28/2025,13:34:11,AMZN,250,197.77,Buy
03/28/2025,13:35:11,META,250,596.72,Buy
03/28/2025,13:35:11,GOOG,250,163.40,Buy
03/28/2025,13:36:10,META,250,598.94,Buy
03/28/2025,13:37:11,MSFT,250,387.71,Buy
03/28/2025,13:37:11,META,250,599.62,Buy
03/28/2025,13:39:11,GOOG,250,163.63,Buy
03/28/2025,13:39:11,AAPL,250,222.44,Buy
03/28/2025,13:41:11,MSFT,250,388.57,Sell
03/28/2025,13:41:11,GOOG,250,163.47,Buy
03/28/2025,13:44:11,MSFT,250,388.36,Sell
03/28/2025,13:46:11,AAPL,250,222.86,Sell
03/28/2025,13:46:11,AMZN,250,198.04,Sell
03/28/2025,13:47:11,MSFT,250,388.00,Sell
03/28/2025,13:47:11,AAPL,250,223.33,Sell
03/28/2025,13:47:11,AMZN,250,198.00,Sell
03/28/2025,13:48:11,AMZN,250,198.30,Sell
03/28/2025,13:49:11,AMZN,250,198.34,Sell
03/28/2025,13:52:11,MSFT,250,387.84,Sell
03/28/2025,13:54:11,AAPL,250,223.09,Sell
03/28/2025,14:03:11,MSFT,250,387.39,Buy
03/28/2025,14:10:10,MSFT,250,386.35,Buy
03/28/2025,14:11:11,MSFT,250,385.91,Buy
03/28/2025,14:12:11,MSFT,250,386.04,Buy
03/28/2025,14:16:11,MSFT,250,385.40,Buy
03/28/2025,14:17:11,MSFT,250,385.41,Buy
03/28/2025,14:18:11,AAPL,250,220.90,Buy
03/28/2025,14:18:11,MSFT,250,385.25,Buy
03/28/2025,14:18:11,MSFT,250,385.33,Sell
03/28/2025,14:19:11,MSFT,250,385.19,Buy
03/28/2025,14:19:11,AAPL,250,220.68,Buy
03/28/2025,14:20:11,MSFT,250,385.24,Buy
03/28/2025,14:20:11,AAPL,250,220.46,Buy
03/28/2025,14:21:11,AAPL,250,220.10,Buy
03/28/2025,14:22:11,MSFT,250,385.31,Buy
03/28/2025,14:22:11,AAPL,250,220.60,Buy
03/28/2025,14:23:11,AAPL,250,220.53,Buy
03/28/2025,14:24:11,AAPL,250,220.52,Buy
03/28/2025,14:25:11,MSFT,250,384.98,Sell
03/28/2025,14:25:11,AAPL,250,220.41,Buy
03/28/2025,14:26:11,MSFT,250,384.55,Sell
03/28/2025,14:26:11,AAPL,250,220.06,Buy
03/28/2025,14:27:11,MSFT,250,384.42,Sell
03/28/2025,14:27:11,AAPL,250,219.94,Buy
03/28/2025,14:28:11,AAPL,250,219.98,Buy
03/28/2025,14:29:11,AAPL,250,219.73,Buy
03/28/2025,14:30:11,AAPL,250,220.05,Buy
03/28/2025,14:31:11,AAPL,250,220.02,Buy
03/28/2025,14:31:11,MSFT,250,384.58,Sell
03/28/2025,14:32:11,MSFT,250,384.33,Sell
03/28/2025,14:32:11,AAPL,250,219.86,Buy
03/28/2025,14:33:11,MSFT,250,384.14,Sell
03/28/2025,14:33:11,AAPL,250,219.76,Buy
03/28/2025,14:33:11,AAPL,250,219.80,Sell
03/28/2025,14:34:11,MSFT,250,383.88,Sell
03/28/2025,14:34:11,AAPL,250,219.93,Buy
03/28/2025,14:34:11,AAPL,250,219.96,Sell
03/28/2025,14:35:11,MSFT,250,384.18,Sell
03/28/2025,14:35:11,AAPL,250,219.83,Buy
03/28/2025,14:35:11,AAPL,250,219.88,Sell
03/28/2025,14:36:11,AAPL,250,219.94,Buy
03/28/2025,14:36:11,AAPL,250,219.97,Sell
03/28/2025,14:37:11,MSFT,250,383.93,Sell
03/28/2025,14:37:11,AAPL,250,219.89,Sell
03/28/2025,14:38:11,AAPL,250,219.79,Sell
03/28/2025,14:39:11,AAPL,250,219.89,Buy
03/28/2025,14:39:11,AAPL,250,219.90,Sell
03/28/2025,14:40:11,AAPL,250,219.99,Sell
03/28/2025,14:41:11,AAPL,250,219.83,Buy
03/28/2025,14:41:11,AAPL,250,219.85,Sell
03/28/2025,14:42:11,AAPL,250,219.94,Buy
03/28/2025,14:42:11,AAPL,250,220.00,Sell
03/28/2025,14:43:11,AAPL,250,220.25,Sell
03/28/2025,14:44:11,AAPL,250,220.40,Sell
03/28/2025,14:45:11,AAPL,250,220.40,Sell
03/28/2025,14:46:11,AAPL,250,220.46,Sell
03/28/2025,14:47:11,AAPL,250,220.20,Sell
03/28/2025,14:48:11,AAPL,250,220.24,Sell
03/28/2025,14:49:11,AAPL,250,220.23,Sell
03/28/2025,14:50:11,AAPL,250,220.43,Sell
03/28/2025,14:51:11,AAPL,250,220.32,Sell
03/28/2025,14:54:11,AAPL,250,220.42,Sell
03/28/2025,14:55:11,AAPL,250,220.44,Buy
03/28/2025,14:56:11,AAPL,250,220.28,Sell
03/28/2025,14:57:11,AAPL,250,220.33,Sell
03/28/2025,14:57:11,MSFT,250,382.46,Buy
03/28/2025,15:06:11,MSFT,250,382.14,Buy
03/28/2025,15:10:11,AAPL,250,220.12,Sell
03/28/2025,15:12:09,MSFT,250,382.45,Sell
03/28/2025,15:16:11,MSFT,250,382.11,Buy
03/28/2025,15:20:11,MSFT,250,381.97,Buy
03/28/2025,15:21:11,MSFT,250,381.90,Sell
03/28/2025,15:23:11,MSFT,250,381.85,Buy
03/28/2025,15:24:11,MSFT,250,381.65,Buy
03/28/2025,15:31:11,MSFT,250,382.54,Sell
03/28/2025,15:35:11,MSFT,250,382.86,Sell
03/28/2025,15:38:11,MSFT,250,382.92,Sell
03/28/2025,15:39:10,MSFT,250,382.71,Sell
03/28/2025,15:55:11,META,250,585.44,Buy
03/28/2025,16:01:11,GOOG,250,158.06,Buy
03/28/2025,16:02:11,GOOG,250,158.08,Buy
03/28/2025,16:03:11,GOOG,250,158.12,Buy
03/28/2025,16:04:11,MSFT,250,381.55,Buy
03/28/2025,16:05:11,AAPL,250,219.73,Buy
03/28/2025,16:10:11,META,250,585.00,Sell
03/28/2025,16:16:11,GOOG,250,158.17,Sell
03/28/2025,16:17:11,GOOG,250,158.06,Sell
03/28/2025,16:18:06,META,250,583.41,Buy
03/28/2025,16:18:11,GOOG,250,158.04,Sell
03/28/2025,16:19:11,MSFT,250,380.85,Sell
03/28/2025,16:20:11,AAPL,250,218.76,Sell
03/28/2025,16:26:10,AAPL,250,218.55,Buy
03/28/2025,16:29:10,META,250,582.21,Buy
03/28/2025,16:30:11,META,250,582.27,Buy
03/28/2025,16:31:11,META,250,582.47,Buy
03/28/2025,16:33:11,META,250,582.79,Buy
03/28/2025,16:33:11,META,250,583.10,Sell
03/28/2025,16:41:11,AAPL,250,218.95,Sell
03/28/2025,16:44:11,META,250,581.91,Sell
03/28/2025,16:45:11,MSFT,250,380.41,Buy
03/28/2025,16:45:11,META,250,581.96,Sell
03/28/2025,16:46:11,META,250,581.88,Buy
03/28/2025,16:46:11,META,250,582.00,Sell
03/28/2025,16:48:10,META,250,582.53,Sell
03/28/2025,16:52:09,META,250,582.78,Buy
03/28/2025,17:00:11,MSFT,250,379.40,Sell
03/28/2025,17:01:11,META,250,581.82,Sell
03/28/2025,17:07:08,META,250,581.94,Sell
03/28/2025,17:10:11,META,250,581.61,Buy
03/28/2025,17:18:11,MSFT,250,378.66,Buy
03/28/2025,17:18:11,META,250,583.09,Buy
03/28/2025,17:22:10,META,250,583.51,Buy
03/28/2025,17:23:10,META,250,583.33,Buy
03/28/2025,17:24:07,META,250,583.38,Buy
03/28/2025,17:25:11,META,250,582.98,Buy
03/28/2025,17:25:11,META,250,583.21,Sell
03/28/2025,17:25:11,MSFT,250,377.98,Buy
03/28/2025,17:26:11,META,250,582.60,Buy
03/28/2025,17:27:11,META,250,582.41,Buy
03/28/2025,17:28:11,META,250,582.20,Buy
03/28/2025,17:29:11,META,250,581.70,Buy
03/28/2025,17:31:11,GOOG,250,156.49,Buy
03/28/2025,17:33:06,META,250,581.82,Sell
03/28/2025,17:33:11,MSFT,250,377.69,Sell
03/28/2025,17:35:10,META,250,580.87,Buy
03/28/2025,17:36:11,META,250,580.91,Buy
03/28/2025,17:37:11,META,250,580.51,Buy
03/28/2025,17:37:11,META,250,580.74,Sell
03/28/2025,17:37:11,GOOG,250,156.38,Buy
03/28/2025,17:38:11,META,250,580.44,Sell
03/28/2025,17:39:10,META,250,580.85,Sell
03/28/2025,17:40:11,MSFT,250,378.28,Sell
03/28/2025,17:40:11,META,250,580.77,Buy
03/28/2025,17:40:11,META,250,580.99,Sell
03/28/2025,17:41:11,META,250,580.64,Buy
03/28/2025,17:41:11,META,250,580.86,Sell
03/28/2025,17:42:11,META,250,580.92,Sell
03/28/2025,17:43:08,META,250,581.10,Sell
03/28/2025,17:44:11,META,250,580.80,Buy
03/28/2025,17:44:11,META,250,581.00,Sell
03/28/2025,17:45:10,META,250,580.36,Buy
03/28/2025,17:46:11,GOOG,250,156.80,Sell
03/28/2025,17:50:11,META,250,580.01,Sell
03/28/2025,17:51:11,META,250,580.08,Sell
03/28/2025,17:52:09,META,250,580.23,Sell
03/28/2025,17:52:11,GOOG,250,156.80,Sell
03/28/2025,17:55:11,META,250,580.03,Sell
03/28/2025,17:56:11,META,250,580.23,Sell
03/28/2025,17:59:11,META,250,580.53,Sell
03/28/2025,18:00:11,META,250,580.99,Sell
03/28/2025,18:12:11,MSFT,250,379.37,Buy
03/28/2025,18:16:11,MSFT,250,379.29,Buy
03/28/2025,18:22:08,MSFT,250,379.33,Buy
03/28/2025,18:23:11,MSFT,250,379.48,Buy
03/28/2025,18:24:11,MSFT,250,379.25,Buy
03/28/2025,18:27:11,MSFT,250,379.43,Sell
03/28/2025,18:31:11,MSFT,250,379.41,Sell
03/28/2025,18:33:11,MSFT,250,379.37,Buy
03/28/2025,18:34:11,MSFT,250,379.23,Buy
03/28/2025,18:37:11,MSFT,250,379.11,Sell
03/28/2025,18:38:10,MSFT,250,378.98,Sell
03/28/2025,18:39:11,MSFT,250,379.04,Sell
03/28/2025,18:48:11,MSFT,250,378.39,Sell
03/28/2025,18:49:11,MSFT,250,378.27,Sell
03/28/2025,18:59:11,MSFT,250,378.19,Buy
03/28/2025,19:00:11,MSFT,250,378.09,Buy
03/28/2025,19:01:11,MSFT,250,378.13,Buy
03/28/2025,19:07:11,MSFT,250,378.15,Buy
03/28/2025,19:11:11,MSFT,250,377.72,Buy
03/28/2025,19:14:11,MSFT,250,378.09,Sell
03/28/2025,19:15:11,MSFT,250,378.13,Sell
03/28/2025,19:16:11,MSFT,250,377.84,Sell
03/28/2025,19:17:11,MSFT,250,377.79,Buy
03/28/2025,19:19:11,MSFT,250,377.84,Buy
03/28/2025,19:21:11,MSFT,250,377.68,Buy
03/28/2025,19:22:11,MSFT,250,377.86,Buy
03/28/2025,19:22:11,MSFT,250,377.90,Sell
03/28/2025,19:23:11,MSFT,250,377.74,Buy
03/28/2025,19:24:11,MSFT,250,377.72,Buy
03/28/2025,19:26:11,MSFT,250,377.63,Buy
03/28/2025,19:26:11,MSFT,250,377.67,Sell
03/28/2025,19:26:11,AAPL,250,218.37,Buy
03/28/2025,19:27:11,MSFT,250,377.58,Buy
03/28/2025,19:28:10,MSFT,250,377.55,Buy
03/28/2025,19:32:11,AAPL,250,218.45,Buy
03/28/2025,19:32:11,MSFT,250,377.56,Buy
03/28/2025,19:32:11,MSFT,250,377.62,Sell
03/28/2025,19:33:11,MSFT,250,377.35,Buy
03/28/2025,19:34:11,MSFT,250,377.08,Buy
03/28/2025,19:34:11,MSFT,250,377.14,Sell
03/28/2025,19:34:11,GOOG,250,155.77,Buy
03/28/2025,19:35:11,MSFT,250,377.07,Buy
03/28/2025,19:36:11,MSFT,250,377.14,Buy
03/28/2025,19:36:11,MSFT,250,377.18,Sell
03/28/2025,19:37:11,MSFT,250,377.19,Buy
03/28/2025,19:37:11,MSFT,250,377.22,Sell
03/28/2025,19:38:11,MSFT,250,377.35,Sell
03/28/2025,19:39:11,MSFT,250,377.32,Sell
03/28/2025,19:41:11,AAPL,250,218.23,Sell
03/28/2025,19:41:11,MSFT,250,377.42,Sell
03/28/2025,19:42:11,MSFT,250,377.46,Sell
03/28/2025,19:43:11,MSFT,250,377.37,Buy
03/28/2025,19:43:11,MSFT,250,377.41,Sell
03/28/2025,19:44:11,MSFT,250,377.46,Buy
03/28/2025,19:45:11,AAPL,250,218.18,Buy
03/28/2025,19:45:11,MSFT,250,377.69,Buy
03/28/2025,19:46:11,MSFT,250,377.59,Buy
03/28/2025,19:47:11,MSFT,250,377.67,Sell
03/28/2025,19:47:11,AAPL,250,218.14,Buy
03/28/2025,19:47:11,AAPL,250,218.16,Sell
03/28/2025,19:47:11,GOOG,250,155.63,Buy
03/28/2025,19:48:11,AAPL,250,218.30,Buy
03/28/2025,19:48:11,MSFT,250,377.70,Buy
03/28/2025,19:48:11,MSFT,250,377.76,Sell
03/28/2025,19:48:11,GOOG,250,155.55,Buy
03/28/2025,19:49:11,MSFT,250,377.80,Sell
03/28/2025,19:49:11,GOOG,250,155.58,Buy
03/28/2025,19:49:11,GOOG,250,155.59,Sell
03/28/2025,19:50:11,MSFT,250,378.04,Sell
03/28/2025,19:50:11,AAPL,250,218.35,Buy
03/28/2025,19:50:11,GOOG,250,155.80,Buy
03/28/2025,19:51:11,MSFT,250,377.97,Sell
03/28/2025,19:51:11,AAPL,250,218.23,Buy
03/28/2025,19:51:11,GOOG,250,155.64,Buy
03/28/2025,19:52:11,GOOG,250,155.49,Buy
03/28/2025,19:52:11,MSFT,250,377.92,Sell
03/28/2025,19:53:11,GOOG,250,155.73,Buy
03/28/2025,19:54:11,GOOG,250,156.01,Buy
03/28/2025,19:55:11,GOOG,250,156.11,Buy
03/28/2025,19:56:11,GOOG,250,156.21,Buy
03/28/2025,19:57:11,GOOG,250,156.11,Buy
03/28/2025,19:58:11,MSFT,250,379.15,Sell
03/28/2025,19:58:11,META,250,577.13,Sell
03/28/2025,19:58:11,GOOG,250,156.16,Buy
03/28/2025,19:59:11,MSFT,250,378.84,Sell
03/28/2025,19:59:11,GOOG,250,155.97,Buy
03/28/2025,19:59:11,META,250,576.94,Sell
03/28/2025,20:00:10,MSFT,250,378.01,Buy
03/28/2025,20:00:10,MSFT,250,378.79,Sell
03/28/2025,20:00:10,GOOG,250,155.95,Buy
03/28/2025,20:00:11,AAPL,250,217.80,Sell
03/28/2025,20:00:51,GOOG,250,155.85,Buy
03/28/2025,20:01:08,MSFT,250,378.78,Sell
03/28/2025,20:01:43,AAPL,250,217.83,Buy
03/28/2025,20:01:43,AAPL,250,217.90,Sell
03/28/2025,20:02:09,META,250,576.74,Sell
03/28/2025,20:02:10,GOOG,250,155.80,Buy
03/28/2025,20:02:10,GOOG,250,155.85,Sell
03/28/2025,20:03:01,MSFT,250,378.45,Sell
03/28/2025,20:03:02,AAPL,250,217.88,Sell
03/28/2025,20:03:04,META,250,576.30,Sell
03/28/2025,20:03:10,GOOG,250,155.84,Buy
03/28/2025,20:03:10,GOOG,250,155.98,Sell
03/28/2025,20:04:00,GOOG,250,155.84,Buy
03/28/2025,20:04:00,GOOG,250,155.91,Sell
03/28/2025,20:04:11,META,250,576.30,Sell
03/28/2025,20:04:44,META,250,576.00,Sell
03/28/2025,20:04:59,AAPL,250,217.90,Buy
03/28/2025,20:04:59,AAPL,250,217.98,Sell
03/28/2025,20:05:08,MSFT,250,377.78,Buy
03/28/2025,20:05:09,GOOG,250,155.89,Buy
03/28/2025,20:05:09,GOOG,250,155.93,Sell
03/28/2025,20:06:00,AAPL,250,217.93,Buy
03/28/2025,20:06:00,AAPL,250,217.98,Sell
03/28/2025,20:06:02,MSFT,250,378.00,Buy
03/28/2025,20:06:11,GOOG,250,155.85,Buy
03/28/2025,20:06:11,GOOG,250,155.96,Sell
03/28/2025,20:07:07,GOOG,250,155.90,Buy
03/28/2025,20:07:07,GOOG,250,155.94,Sell
03/28/2025,20:07:57,GOOG,250,155.85,Buy
03/28/2025,20:07:57,GOOG,250,155.92,Sell
03/28/2025,20:09:11,GOOG,250,155.69,Buy
03/28/2025,20:09:11,GOOG,250,155.77,Sell
03/28/2025,20:10:05,MSFT,250,378.00,Buy
03/28/2025,20:10:07,GOOG,250,155.61,Buy
03/28/2025,20:10:07,GOOG,250,155.70,Sell
03/28/2025,20:10:11,AAPL,250,217.80,Buy
03/28/2025,20:10:51,GOOG,250,155.71,Buy
03/28/2025,20:10:51,GOOG,250,155.83,Sell
03/28/2025,20:11:00,META,250,575.10,Buy
03/28/2025,20:11:58,META,250,575.13,Buy
03/28/2025,20:12:00,AAPL,250,217.68,Buy
03/28/2025,20:12:05,GOOG,250,155.66,Buy
03/28/2025,20:12:05,GOOG,250,155.77,Sell
03/28/2025,20:12:53,META,250,575.12,Buy
03/28/2025,20:12:53,META,250,575.12,Buy
03/28/2025,20:13:07,GOOG,250,155.73,Buy
03/28/2025,20:13:07,GOOG,250,155.79,Sell
03/28/2025,20:13:58,GOOG,250,155.75,Buy
03/28/2025,20:13:58,GOOG,250,155.80,Sell
03/28/2025,20:14:11,META,250,575.12,Buy
03/28/2025,20:14:11,META,250,575.12,Buy
03/28/2025,20:15:02,GOOG,250,155.76,Buy
03/28/2025,20:15:02,GOOG,250,155.83,Sell
03/28/2025,20:15:04,MSFT,250,378.35,Sell
03/28/2025,20:15:37,MSFT,250,378.00,Buy
03/28/2025,20:15:55,GOOG,250,155.76,Buy
03/28/2025,20:15:55,GOOG,250,155.83,Sell
03/28/2025,20:16:45,AAPL,250,217.60,Buy
03/28/2025,20:16:45,AAPL,250,217.72,Sell
03/28/2025,20:17:01,GOOG,250,155.83,Sell
03/28/2025,20:17:02,META,250,575.30,Buy
03/28/2025,20:18:11,AAPL,250,217.67,Buy
03/28/2025,20:18:11,GOOG,250,155.70,Buy
03/28/2025,20:18:11,GOOG,250,155.74,Sell
03/28/2025,20:18:11,META,250,575.20,Buy
03/28/2025,20:18:58,AAPL,250,217.40,Buy
03/28/2025,20:19:06,GOOG,250,155.63,Buy
03/28/2025,20:19:06,GOOG,250,155.75,Sell
03/28/2025,20:19:11,META,250,575.10,Buy
03/28/2025,20:19:51,GOOG,250,155.67,Buy
03/28/2025,20:19:51,GOOG,250,155.77,Sell
03/28/2025,20:20:02,MSFT,250,377.73,Sell
03/28/2025,20:20:03,AAPL,250,217.57,Buy
03/28/2025,20:20:03,AAPL,250,217.67,Sell
03/28/2025,20:20:11,META,250,575.10,Buy
03/28/2025,20:20:51,MSFT,250,377.73,Sell
03/28/2025,20:21:02,GOOG,250,155.75,Sell
03/28/2025,20:21:11,AAPL,250,217.55,Buy
03/28/2025,20:21:11,AAPL,250,217.55,Buy
03/28/2025,20:21:11,AAPL,250,217.67,Sell
03/28/2025,20:21:56,GOOG,250,155.70,Buy
03/28/2025,20:21:56,GOOG,250,155.77,Sell
03/28/2025,20:22:51,GOOG,250,155.77,Buy
03/28/2025,20:22:51,GOOG,250,155.82,Sell
03/28/2025,20:23:59,AAPL,250,217.45,Buy
03/28/2025,20:24:09,GOOG,250,155.81,Buy
03/28/2025,20:24:09,GOOG,250,155.84,Sell
03/28/2025,20:25:01,AAPL,250,217.59,Sell
03/28/2025,20:25:09,GOOG,250,155.81,Buy
