Date,Time,Symbol,Quantity,Price,Side
01/03/2022,14:30:11,MSFT,250,335.77,Buy
01/03/2022,14:30:11,TSLA,250,1142.40,Buy
01/03/2022,14:32:11,AMZN,250,3350.00,Buy
01/03/2022,14:32:11,META,250,15.29,Buy
01/03/2022,14:32:11,AMD,250,146.94,Buy
01/03/2022,14:33:10,META,250,15.32,Buy
01/03/2022,14:33:11,MSFT,250,336.46,Buy
01/03/2022,14:33:11,AAPL,250,178.76,Buy
01/03/2022,14:34:07,META,250,15.33,Buy
01/03/2022,14:34:11,TSLA,250,1145.73,Buy
01/03/2022,14:34:11,MSFT,250,336.98,Buy
01/03/2022,14:34:59,GOOG,250,2896.23,Buy
01/03/2022,14:35:11,AAPL,250,179.03,Buy
01/03/2022,14:35:11,AMZN,250,3340.01,Buy
01/03/2022,14:35:11,TSLA,250,1143.61,Buy
01/03/2022,14:39:11,GOOG,250,2904.03,Buy
01/03/2022,14:39:11,AAPL,250,180.21,Buy
01/03/2022,14:41:11,AMD,250,147.83,Buy
01/03/2022,14:41:11,GOOG,250,2898.05,Buy
01/03/2022,14:44:11,AMD,250,147.66,Buy
01/03/2022,14:45:11,MSFT,250,334.88,Sell
01/03/2022,14:45:11,AMZN,250,3351.36,Buy
01/03/2022,14:45:11,TSLA,250,1165.00,Sell
01/03/2022,14:47:11,META,250,15.16,Sell
01/03/2022,14:47:11,AMZN,250,3350.74,Sell
01/03/2022,14:47:11,AMD,250,147.63,Sell
01/03/2022,14:48:04,META,250,15.15,Buy
01/03/2022,14:48:04,META,250,15.16,Sell
01/03/2022,14:48:11,AAPL,250,179.90,Sell
01/03/2022,14:48:11,MSFT,250,333.65,Sell
01/03/2022,14:49:11,META,250,15.12,Sell
01/03/2022,14:49:11,MSFT,250,332.95,Sell
01/03/2022,14:49:11,AMZN,250,3348.65,Buy
01/03/2022,14:49:11,TSLA,250,1151.20,Sell
01/03/2022,14:50:10,AMZN,250,3347.46,Sell
01/03/2022,14:50:11,GOOG,250,2895.00,Sell
01/03/2022,14:50:11,TSLA,250,1144.26,Sell
01/03/2022,14:50:11,AMD,250,146.48,Buy
01/03/2022,14:50:11,AAPL,250,179.62,Buy
01/03/2022,14:50:11,AAPL,250,179.65,Sell
01/03/2022,14:51:11,AAPL,250,180.04,Buy
01/03/2022,14:51:11,TSLA,250,1145.03,Buy
01/03/2022,14:52:11,META,250,15.08,Buy
01/03/2022,14:52:11,MSFT,250,330.68,Buy
01/03/2022,14:53:11,MSFT,250,330.63,Buy
01/03/2022,14:54:11,META,250,15.08,Buy
01/03/2022,14:54:11,MSFT,250,330.46,Buy
01/03/2022,14:54:11,GOOG,250,2889.44,Buy
01/03/2022,14:54:11,GOOG,250,2890.89,Sell
01/03/2022,14:54:11,TSLA,250,1151.85,Buy
01/03/2022,14:54:11,AAPL,250,179.93,Sell
01/03/2022,14:55:11,AMZN,250,3325.32,Buy
01/03/2022,14:56:11,GOOG,250,2889.19,Sell
01/03/2022,14:56:11,AAPL,250,180.45,Buy
01/03/2022,14:56:11,AMD,250,147.56,Sell
01/03/2022,14:57:11,GOOG,250,2885.31,Buy
01/03/2022,14:58:11,TSLA,250,1152.27,Buy
01/03/2022,14:59:08,GOOG,250,2885.14,Buy
01/03/2022,14:59:11,AMD,250,147.31,Sell
01/03/2022,15:00:11,AMD,250,148.08,Buy
01/03/2022,15:00:11,AMZN,250,3336.59,Sell
01/03/2022,15:02:51,META,250,15.20,Sell
01/03/2022,15:04:11,AMZN,250,3348.59,Sell
01/03/2022,15:04:11,AMD,250,149.47,Buy
01/03/2022,15:05:11,AMZN,250,3343.83,Buy
01/03/2022,15:05:11,AMD,250,148.87,Sell
01/03/2022,15:05:11,AAPL,250,181.11,Sell
01/03/2022,15:05:11,META,250,15.21,Buy
01/03/2022,15:06:11,AMD,250,149.07,Buy
01/03/2022,15:06:11,AAPL,250,181.35,Buy
01/03/2022,15:06:11,AAPL,250,181.38,Sell
01/03/2022,15:06:11,TSLA,250,1152.00,Sell
01/03/2022,15:07:11,MSFT,250,330.95,Sell
01/03/2022,15:07:11,TSLA,250,1150.00,Buy
01/03/2022,15:07:11,META,250,15.19,Sell
01/03/2022,15:08:11,AMZN,250,3341.10,Buy
01/03/2022,15:08:11,MSFT,250,331.01,Sell
01/03/2022,15:08:11,AAPL,250,181.23,Buy
01/03/2022,15:09:11,GOOG,250,2874.20,Sell
01/03/2022,15:09:11,TSLA,250,1152.00,Sell
01/03/2022,15:09:11,MSFT,250,330.95,Sell
01/03/2022,15:09:11,META,250,15.18,Buy
01/03/2022,15:09:11,META,250,15.19,Sell
01/03/2022,15:10:11,AMZN,250,3345.74,Sell
01/03/2022,15:11:11,META,250,15.18,Buy
01/03/2022,15:11:11,MSFT,250,331.16,Buy
01/03/2022,15:11:11,AAPL,250,181.26,Sell
01/03/2022,15:12:11,GOOG,250,2876.53,Buy
01/03/2022,15:12:11,GOOG,250,2879.37,Sell
01/03/2022,15:12:11,AMZN,250,3340.65,Buy
01/03/2022,15:12:11,MSFT,250,331.04,Buy
01/03/2022,15:13:11,TSLA,250,1151.42,Buy
01/03/2022,15:13:11,TSLA,250,1152.99,Sell
01/03/2022,15:13:11,MSFT,250,331.22,Buy
01/03/2022,15:14:11,GOOG,250,2875.87,Buy
01/03/2022,15:14:11,GOOG,250,2877.69,Sell
01/03/2022,15:14:11,AAPL,250,181.10,Buy
01/03/2022,15:15:11,GOOG,250,2875.46,Buy
01/03/2022,15:15:11,AMD,250,149.73,Sell
01/03/2022,15:17:11,AMD,250,149.50,Buy
01/03/2022,15:18:11,TSLA,250,1154.36,Buy
01/03/2022,15:19:11,AMD,250,150.01,Sell
01/03/2022,15:20:11,META,250,15.19,Sell
01/03/2022,15:20:11,AMZN,250,3356.64,Sell
01/03/2022,15:21:11,AAPL,250,180.67,Sell
01/03/2022,15:21:11,AMD,250,149.47,Sell
01/03/2022,15:22:09,META,250,15.15,Buy
01/03/2022,15:22:11,AMD,250,149.05,Buy
01/03/2022,15:22:11,TSLA,250,1148.81,Sell
01/03/2022,15:23:07,AMZN,250,3354.96,Sell
01/03/2022,15:23:11,AAPL,250,180.60,Buy
01/03/2022,15:23:11,AAPL,250,180.61,Sell
01/03/2022,15:24:10,META,250,15.20,Sell
01/03/2022,15:24:11,AMZN,250,3355.60,Buy
01/03/2022,15:24:11,AAPL,250,180.57,Buy
01/03/2022,15:26:11,META,250,15.24,Sell
01/03/2022,15:26:11,TSLA,250,1151.22,Buy
01/03/2022,15:26:11,MSFT,250,332.15,Sell
01/03/2022,15:27:05,META,250,15.23,Buy
01/03/2022,15:27:11,AMZN,250,3369.32,Buy
01/03/2022,15:27:11,AMZN,250,3371.15,Sell
01/03/2022,15:27:11,GOOG,250,2885.92,Sell
01/03/2022,15:27:11,AMD,250,149.90,Buy
01/03/2022,15:27:11,MSFT,250,332.31,Buy
01/03/2022,15:27:11,MSFT,250,332.35,Sell
01/03/2022,15:28:09,META,250,15.24,Buy
01/03/2022,15:28:11,TSLA,250,1154.60,Sell
01/03/2022,15:28:11,MSFT,250,332.70,Sell
01/03/2022,15:29:11,AAPL,250,180.91,Sell
01/03/2022,15:29:11,GOOG,250,2896.83,Sell
01/03/2022,15:29:11,TSLA,250,1152.11,Buy
01/03/2022,15:30:11,MSFT,250,332.13,Buy
01/03/2022,15:30:11,GOOG,250,2888.99,Buy
01/03/2022,15:30:11,GOOG,250,2890.60,Sell
01/03/2022,15:32:11,AMZN,250,3378.90,Buy
01/03/2022,15:32:11,AMD,250,150.29,Sell
01/03/2022,15:33:11,TSLA,250,1154.58,Sell
01/03/2022,15:33:11,AAPL,250,180.84,Buy
01/03/2022,15:34:11,AMD,250,149.90,Buy
01/03/2022,15:34:11,GOOG,250,2887.52,Buy
01/03/2022,15:34:11,MSFT,250,331.77,Buy
01/03/2022,15:35:11,TSLA,250,1152.50,Buy
01/03/2022,15:37:11,META,250,15.27,Sell
01/03/2022,15:37:11,AMD,250,150.30,Sell
01/03/2022,15:38:11,AAPL,250,180.84,Sell
01/03/2022,15:39:10,AMZN,250,3390.88,Sell
01/03/2022,15:39:11,GOOG,250,2891.18,Buy
01/03/2022,15:39:11,META,250,15.24,Buy
01/03/2022,15:39:11,AAPL,250,180.86,Buy
01/03/2022,15:39:11,AAPL,250,180.88,Sell
01/03/2022,15:40:11,AAPL,250,180.83,Buy
01/03/2022,15:41:11,TSLA,250,1154.40,Sell
01/03/2022,15:41:11,AMZN,250,3392.22,Buy
01/03/2022,15:41:11,AMD,250,150.44,Buy
01/03/2022,15:42:11,META,250,15.27,Sell
01/03/2022,15:42:11,AMD,250,150.50,Sell
01/03/2022,15:42:11,TSLA,250,1151.50,Buy
01/03/2022,15:42:11,MSFT,250,332.05,Sell
01/03/2022,15:42:11,AMZN,250,3396.59,Sell
01/03/2022,15:43:09,META,250,15.24,Buy
01/03/2022,15:43:09,META,250,15.25,Sell
01/03/2022,15:43:11,MSFT,250,331.87,Buy
01/03/2022,15:44:11,META,250,15.26,Buy
01/03/2022,15:44:11,TSLA,250,1154.57,Sell
01/03/2022,15:45:11,MSFT,250,331.82,Sell
01/03/2022,15:45:11,AMZN,250,3392.75,Buy
01/03/2022,15:45:11,GOOG,250,2900.43,Sell
01/03/2022,15:45:11,TSLA,250,1153.66,Buy
01/03/2022,15:46:11,GOOG,250,2897.65,Buy
01/03/2022,15:47:11,AMZN,250,3401.00,Sell
01/03/2022,15:48:11,AAPL,250,181.21,Sell
01/03/2022,15:48:11,AMD,250,151.25,Buy
01/03/2022,15:48:11,MSFT,250,332.13,Buy
01/03/2022,15:49:10,GOOG,250,2900.42,Sell
01/03/2022,15:49:11,AMD,250,150.97,Sell
01/03/2022,15:49:11,MSFT,250,331.99,Sell
01/03/2022,15:50:11,TSLA,250,1162.75,Sell
01/03/2022,15:50:11,GOOG,250,2900.62,Buy
01/03/2022,15:50:11,AAPL,250,181.03,Buy
01/03/2022,15:50:11,AMD,250,151.10,Buy
01/03/2022,15:51:11,TSLA,250,1161.81,Buy
01/03/2022,15:52:11,MSFT,250,331.85,Buy
01/03/2022,15:52:11,AMZN,250,3392.88,Buy
01/03/2022,15:54:07,META,250,15.29,Sell
01/03/2022,15:54:11,GOOG,250,2900.00,Sell
01/03/2022,15:54:11,AAPL,250,181.17,Sell
01/03/2022,15:55:10,META,250,15.28,Buy
01/03/2022,15:55:11,AAPL,250,181.16,Sell
01/03/2022,15:56:11,AMD,250,151.22,Sell
01/03/2022,15:56:11,AMZN,250,3394.49,Sell
01/03/2022,15:57:11,TSLA,250,1164.96,Sell
01/03/2022,15:57:11,AAPL,250,181.07,Buy
01/03/2022,15:57:11,AMZN,250,3395.72,Buy
01/03/2022,15:58:02,META,250,15.29,Sell
01/03/2022,15:58:11,MSFT,250,331.89,Sell
01/03/2022,15:58:11,TSLA,250,1164.87,Buy
01/03/2022,15:58:11,AMD,250,151.32,Buy
01/03/2022,15:59:11,META,250,15.28,Sell
01/03/2022,15:59:11,AAPL,250,180.98,Buy
01/03/2022,16:00:11,TSLA,250,1168.51,Sell
01/03/2022,16:00:11,AMZN,250,3402.06,Sell
01/03/2022,16:01:11,TSLA,250,1168.32,Buy
01/03/2022,16:01:11,GOOG,250,2898.37,Buy
01/03/2022,16:01:11,GOOG,250,2899.99,Sell
01/03/2022,16:01:11,MSFT,250,332.13,Buy
01/03/2022,16:02:10,META,250,15.28,Buy
01/03/2022,16:03:11,MSFT,250,331.69,Sell
01/03/2022,16:03:11,AMD,250,151.35,Sell
01/03/2022,16:04:11,GOOG,250,2893.06,Buy
01/03/2022,16:04:11,AMZN,250,3400.08,Buy
01/03/2022,16:04:11,AMD,250,151.10,Buy
01/03/2022,16:04:11,META,250,15.28,Buy
01/03/2022,16:05:11,AMD,250,151.28,Sell
01/03/2022,16:05:11,GOOG,250,2896.45,Sell
01/03/2022,16:05:11,MSFT,250,331.45,Buy
01/03/2022,16:05:11,AAPL,250,180.65,Sell
01/03/2022,16:06:11,AMD,250,151.35,Buy
01/03/2022,16:06:11,TSLA,250,1170.78,Sell
01/03/2022,16:06:11,AAPL,250,180.89,Buy
01/03/2022,16:07:11,GOOG,250,2896.65,Buy
01/03/2022,16:07:11,MSFT,250,331.49,Sell
01/03/2022,16:07:11,AMZN,250,3402.65,Sell
01/03/2022,16:08:11,AMZN,250,3402.06,Buy
01/03/2022,16:10:11,META,250,15.28,Sell
01/03/2022,16:12:10,AMZN,250,3413.13,Sell
01/03/2022,16:12:11,META,250,15.25,Buy
01/03/2022,16:12:11,AAPL,250,180.69,Sell
01/03/2022,16:13:11,MSFT,250,331.30,Buy
01/03/2022,16:13:11,AMD,250,150.62,Sell
01/03/2022,16:13:11,TSLA,250,1166.50,Buy
01/03/2022,16:13:11,TSLA,250,1166.71,Sell
01/03/2022,16:14:11,AMZN,250,3402.01,Buy
01/03/2022,16:14:11,TSLA,250,1168.54,Buy
01/03/2022,16:14:11,AMD,250,150.85,Buy
01/03/2022,16:14:11,AAPL,250,180.79,Sell
01/03/2022,16:15:11,AAPL,250,180.81,Buy
01/03/2022,16:16:07,GOOG,250,2895.92,Sell
01/03/2022,16:16:11,TSLA,250,1169.98,Sell
01/03/2022,16:16:11,MSFT,250,331.47,Sell
01/03/2022,16:17:05,META,250,15.23,Sell
01/03/2022,16:17:11,MSFT,250,331.27,Buy
01/03/2022,16:17:11,AAPL,250,180.80,Buy
01/03/2022,16:18:11,TSLA,250,1166.03,Buy
01/03/2022,16:19:11,AMZN,250,3400.69,Sell
01/03/2022,16:19:11,GOOG,250,2890.65,Buy
01/03/2022,16:19:11,GOOG,250,2892.24,Sell
01/03/2022,16:19:11,META,250,15.22,Sell
01/03/2022,16:19:11,AMD,250,150.84,Sell
01/03/2022,16:20:11,GOOG,250,2889.60,Buy
01/03/2022,16:20:11,MSFT,250,331.39,Sell
01/03/2022,16:21:11,AMZN,250,3397.42,Buy
01/03/2022,16:21:11,AMD,250,150.95,Sell
01/03/2022,16:21:11,AAPL,250,181.04,Sell
01/03/2022,16:21:11,MSFT,250,331.39,Buy
01/03/2022,16:22:10,GOOG,250,2892.00,Sell
01/03/2022,16:22:11,AMD,250,150.76,Buy
01/03/2022,16:22:11,AAPL,250,181.00,Buy
01/03/2022,16:22:11,META,250,15.21,Buy
01/03/2022,16:23:07,META,250,15.21,Buy
01/03/2022,16:23:11,AMZN,250,3400.71,Sell
01/03/2022,16:26:11,AMZN,250,3401.63,Buy
01/03/2022,16:27:10,META,250,15.22,Sell
01/03/2022,16:27:11,GOOG,250,2892.55,Buy
01/03/2022,16:27:11,AMD,250,150.86,Buy
01/03/2022,16:28:11,TSLA,250,1165.68,Sell
01/03/2022,16:28:11,MSFT,250,332.12,Sell
01/03/2022,16:29:11,TSLA,250,1165.80,Sell
01/03/2022,16:29:11,AMZN,250,3405.60,Sell
01/03/2022,16:29:11,AMD,250,150.68,Sell
01/03/2022,16:29:11,MSFT,250,331.98,Buy
01/03/2022,16:30:11,AAPL,250,181.69,Sell
01/03/2022,16:31:11,TSLA,250,1165.97,Buy
01/03/2022,16:31:11,AAPL,250,181.68,Buy
01/03/2022,16:32:11,AMD,250,150.64,Buy
01/03/2022,16:32:11,TSLA,250,1165.27,Buy
01/03/2022,16:32:11,MSFT,250,331.83,Sell
01/03/2022,16:32:11,AAPL,250,181.59,Sell
01/03/2022,16:33:11,TSLA,250,1165.47,Sell
01/03/2022,16:33:11,AMZN,250,3401.57,Buy
01/03/2022,16:33:11,AAPL,250,181.65,Buy
01/03/2022,16:34:11,GOOG,250,2895.84,Sell
01/03/2022,16:34:11,META,250,15.24,Buy
01/03/2022,16:35:11,GOOG,250,2896.93,Sell
01/03/2022,16:35:11,TSLA,250,1165.22,Buy
01/03/2022,16:36:11,AMZN,250,3403.59,Sell
01/03/2022,16:36:11,MSFT,250,331.76,Sell
01/03/2022,16:37:03,META,250,15.24,Sell
01/03/2022,16:37:11,AAPL,250,181.38,Sell
01/03/2022,16:37:11,AMD,250,150.41,Sell
01/03/2022,16:37:11,MSFT,250,331.71,Buy
01/03/2022,16:38:11,META,250,15.21,Sell
01/03/2022,16:39:11,AAPL,250,181.25,Buy
01/03/2022,16:40:11,AMZN,250,3402.00,Buy
01/03/2022,16:40:11,MSFT,250,331.58,Buy
01/03/2022,16:41:10,GOOG,250,2890.24,Buy
01/03/2022,16:41:11,AMZN,250,3406.74,Sell
01/03/2022,16:41:11,META,250,15.20,Buy
01/03/2022,16:41:11,AMD,250,149.98,Buy
01/03/2022,16:42:11,GOOG,250,2896.39,Sell
01/03/2022,16:42:11,AMD,250,150.16,Sell
01/03/2022,16:43:10,META,250,15.21,Buy
01/03/2022,16:44:11,MSFT,250,332.49,Sell
01/03/2022,16:46:11,TSLA,250,1164.98,Sell
01/03/2022,16:46:11,AMD,250,149.87,Buy
01/03/2022,16:46:11,AAPL,250,181.52,Sell
01/03/2022,16:47:11,AMD,250,150.06,Sell
01/03/2022,16:47:11,TSLA,250,1167.00,Sell
01/03/2022,16:48:11,AMZN,250,3409.37,Buy
01/03/2022,16:48:11,AMZN,250,3410.78,Sell
01/03/2022,16:48:11,MSFT,250,332.65,Buy
01/03/2022,16:48:11,AAPL,250,181.73,Buy
01/03/2022,16:48:11,AAPL,250,181.74,Sell
01/03/2022,16:49:11,TSLA,250,1169.63,Buy
01/03/2022,16:49:11,AMD,250,149.99,Buy
01/03/2022,16:49:11,META,250,15.25,Sell
01/03/2022,16:49:11,AAPL,250,181.65,Buy
01/03/2022,16:50:11,META,250,15.23,Buy
01/03/2022,16:50:11,TSLA,250,1168.79,Buy
01/03/2022,16:50:11,TSLA,250,1169.37,Sell
01/03/2022,16:51:11,GOOG,250,2891.66,Buy
01/03/2022,16:52:11,MSFT,250,331.91,Sell
01/03/2022,16:53:11,MSFT,250,331.89,Buy
01/03/2022,16:54:11,GOOG,250,2896.78,Buy
01/03/2022,16:54:11,AAPL,250,181.69,Sell
01/03/2022,16:55:11,AMZN,250,3404.00,Buy
01/03/2022,16:55:11,AMZN,250,3405.56,Sell
01/03/2022,16:55:11,MSFT,250,331.90,Sell
01/03/2022,16:56:10,META,250,15.21,Sell
01/03/2022,16:56:11,AMZN,250,3404.02,Buy
01/03/2022,16:56:11,GOOG,250,2897.49,Sell
01/03/2022,16:56:11,AAPL,250,181.55,Buy
01/03/2022,16:56:11,AMD,250,149.65,Sell
01/03/2022,16:57:11,META,250,15.20,Buy
01/03/2022,16:57:11,AMD,250,149.64,Buy
01/03/2022,16:57:11,MSFT,250,331.95,Buy
01/03/2022,16:58:11,META,250,15.21,Sell
01/03/2022,16:58:11,TSLA,250,1164.69,Buy
01/03/2022,16:58:57,META,250,15.20,Buy
01/03/2022,17:01:11,AMD,250,149.37,Sell
01/03/2022,17:01:11,GOOG,250,2890.00,Buy
01/03/2022,17:03:11,AMD,250,149.42,Buy
01/03/2022,17:03:11,AMZN,250,3398.89,Sell
01/03/2022,17:03:11,MSFT,250,331.60,Sell
01/03/2022,17:03:11,AAPL,250,181.40,Sell
01/03/2022,17:04:11,TSLA,250,1167.89,Sell
01/03/2022,17:04:11,AAPL,250,181.47,Sell
01/03/2022,17:04:11,AMD,250,149.58,Sell
01/03/2022,17:05:11,META,250,15.21,Sell
01/03/2022,17:05:11,TSLA,250,1167.78,Buy
01/03/2022,17:05:11,TSLA,250,1167.99,Sell
01/03/2022,17:05:11,AAPL,250,181.48,Buy
01/03/2022,17:06:08,GOOG,250,2893.42,Sell
01/03/2022,17:06:11,TSLA,250,1165.13,Buy
01/03/2022,17:07:11,AAPL,250,181.37,Buy
01/03/2022,17:07:11,AMZN,250,3394.36,Buy
01/03/2022,17:07:11,MSFT,250,331.80,Buy
01/03/2022,17:08:11,MSFT,250,331.95,Sell
01/03/2022,17:09:11,GOOG,250,2896.30,Sell
01/03/2022,17:09:11,MSFT,250,331.89,Buy
01/03/2022,17:10:11,GOOG,250,2892.10,Buy
01/03/2022,17:10:11,AMZN,250,3399.15,Sell
01/03/2022,17:11:10,AMZN,250,3399.15,Sell
01/03/2022,17:11:11,AMD,250,149.40,Buy
01/03/2022,17:11:11,GOOG,250,2894.03,Buy
01/03/2022,17:11:11,AAPL,250,181.34,Sell
01/03/2022,17:12:08,META,250,15.20,Sell
01/03/2022,17:12:11,AMD,250,149.27,Sell
01/03/2022,17:12:11,MSFT,250,331.99,Sell
01/03/2022,17:13:11,TSLA,250,1164.74,Sell
01/03/2022,17:13:11,AAPL,250,181.18,Buy
01/03/2022,17:14:10,AMZN,250,3399.05,Buy
01/03/2022,17:14:11,AMD,250,149.43,Buy
01/03/2022,17:14:11,META,250,15.20,Sell
01/03/2022,17:15:10,META,250,15.19,Buy
01/03/2022,17:16:10,AMZN,250,3398.97,Buy
01/03/2022,17:16:11,GOOG,250,2896.80,Sell
01/03/2022,17:17:11,MSFT,250,332.40,Buy
01/03/2022,17:18:11,TSLA,250,1163.36,Buy
01/03/2022,17:18:11,GOOG,250,2894.18,Buy
01/03/2022,17:18:11,AMD,250,149.59,Sell
01/03/2022,17:20:11,TSLA,250,1164.51,Sell
01/03/2022,17:20:11,AAPL,250,181.57,Sell
01/03/2022,17:21:10,META,250,15.20,Buy
01/03/2022,17:21:11,TSLA,250,1164.92,Sell
01/03/2022,17:22:08,AMZN,250,3400.99,Sell
01/03/2022,17:22:11,AAPL,250,181.56,Buy
01/03/2022,17:22:11,AAPL,250,181.57,Sell
01/03/2022,17:22:11,MSFT,250,332.63,Sell
01/03/2022,17:22:11,AMD,250,149.77,Buy
01/03/2022,17:22:55,META,250,15.21,Buy
01/03/2022,17:23:11,MSFT,250,332.56,Buy
01/03/2022,17:23:11,AAPL,250,181.57,Buy
01/03/2022,17:23:11,AMZN,250,3399.60,Buy
01/03/2022,17:24:11,MSFT,250,332.85,Sell
01/03/2022,17:25:11,GOOG,250,2899.25,Sell
01/03/2022,17:26:08,GOOG,250,2899.00,Sell
01/03/2022,17:26:11,AMD,250,149.79,Sell
01/03/2022,17:27:10,MSFT,250,332.65,Buy
01/03/2022,17:27:10,AMD,250,149.80,Buy
01/03/2022,17:28:11,TSLA,250,1165.82,Buy
01/03/2022,17:28:11,AAPL,250,181.54,Sell
01/03/2022,17:29:11,TSLA,250,1166.85,Buy
01/03/2022,17:29:11,AMD,250,149.94,Sell
01/03/2022,17:29:11,AMZN,250,3401.99,Sell
01/03/2022,17:29:11,AAPL,250,181.59,Buy
01/03/2022,17:29:34,META,250,15.22,Sell
01/03/2022,17:30:10,AMZN,250,3400.05,Buy
01/03/2022,17:30:11,AMD,250,149.81,Buy
01/03/2022,17:31:11,AMZN,250,3400.91,Sell
01/03/2022,17:32:11,META,250,15.21,Buy
01/03/2022,17:32:11,MSFT,250,332.50,Sell
01/03/2022,17:33:11,AMZN,250,3400.90,Buy
01/03/2022,17:33:11,TSLA,250,1166.78,Sell
01/03/2022,17:33:11,GOOG,250,2895.45,Sell
01/03/2022,17:35:10,MSFT,250,332.36,Buy
01/03/2022,17:35:11,TSLA,250,1167.34,Buy
01/03/2022,17:36:11,META,250,15.22,Sell
01/03/2022,17:37:11,AMD,250,149.83,Sell
01/03/2022,17:37:11,AAPL,250,181.72,Sell
01/03/2022,17:38:09,AMZN,250,3404.12,Sell
01/03/2022,17:38:10,META,250,15.22,Sell
01/03/2022,17:38:11,MSFT,250,332.28,Sell
01/03/2022,17:38:11,AMD,250,149.61,Buy
01/03/2022,17:38:11,AAPL,250,181.78,Sell
01/03/2022,17:40:11,AAPL,250,181.75,Buy
01/03/2022,17:41:11,AAPL,250,181.82,Buy
01/03/2022,17:41:11,MSFT,250,332.47,Buy
01/03/2022,17:41:59,META,250,15.21,Buy
01/03/2022,17:42:11,MSFT,250,332.47,Sell
01/03/2022,17:42:11,AMD,250,149.40,Sell
01/03/2022,17:43:11,TSLA,250,1169.53,Sell
01/03/2022,17:43:11,META,250,15.21,Buy
01/03/2022,17:43:11,MSFT,250,332.42,Buy
01/03/2022,17:44:11,AMZN,250,3403.02,Buy
01/03/2022,17:44:11,AMD,250,149.46,Buy
01/03/2022,17:44:11,TSLA,250,1169.15,Sell
01/03/2022,17:44:11,AAPL,250,182.05,Sell
01/03/2022,17:45:11,AMZN,250,3407.22,Sell
01/03/2022,17:45:11,AMD,250,149.55,Sell
01/03/2022,17:45:35,META,250,15.22,Sell
01/03/2022,17:47:11,AAPL,250,181.96,Buy
01/03/2022,17:48:10,TSLA,250,1170.73,Buy
01/03/2022,17:48:11,AMZN,250,3404.37,Buy
01/03/2022,17:48:11,AMZN,250,3407.49,Sell
01/03/2022,17:49:07,AMZN,250,3405.76,Buy
01/03/2022,17:49:11,GOOG,250,2901.95,Buy
01/03/2022,17:50:02,META,250,15.23,Buy
01/03/2022,17:50:11,MSFT,250,332.67,Sell
01/03/2022,17:50:11,TSLA,250,1172.28,Sell
01/03/2022,17:51:11,TSLA,250,1170.35,Buy
01/03/2022,17:51:11,MSFT,250,332.65,Buy
01/03/2022,17:51:11,AMD,250,149.82,Buy
01/03/2022,17:51:11,GOOG,250,2901.56,Buy
01/03/2022,17:52:11,TSLA,250,1170.94,Buy
01/03/2022,17:53:11,AMD,250,149.88,Sell
01/03/2022,17:54:11,AMD,250,149.74,Buy
01/03/2022,17:55:07,GOOG,250,2903.79,Buy
01/03/2022,17:55:11,AAPL,250,181.82,Sell
01/03/2022,17:56:11,MSFT,250,332.38,Sell
01/03/2022,17:56:11,AAPL,250,181.80,Buy
01/03/2022,17:56:11,AAPL,250,181.82,Sell
01/03/2022,17:57:11,AAPL,250,181.82,Buy
01/03/2022,17:57:11,META,250,15.23,Sell
01/03/2022,17:58:10,META,250,15.23,Sell
01/03/2022,17:58:11,MSFT,250,332.19,Sell
01/03/2022,17:59:09,AMZN,250,3404.95,Sell
01/03/2022,17:59:11,MSFT,250,332.24,Buy
01/03/2022,17:59:11,AMD,250,150.09,Sell
01/03/2022,18:00:11,AMD,250,149.93,Buy
01/03/2022,18:01:11,MSFT,250,332.18,Buy
01/03/2022,18:01:59,META,250,15.22,Buy
01/03/2022,18:02:11,AAPL,250,181.75,Sell
01/03/2022,18:03:11,TSLA,250,1175.15,Sell
01/03/2022,18:03:11,AMZN,250,3400.61,Buy
01/03/2022,18:03:11,AMZN,250,3402.66,Sell
01/03/2022,18:04:10,AMZN,250,3401.70,Sell
01/03/2022,18:04:11,GOOG,250,2906.44,Sell
01/03/2022,18:04:11,TSLA,250,1175.63,Buy
01/03/2022,18:04:11,AAPL,250,181.72,Buy
01/03/2022,18:05:06,META,250,15.22,Sell
01/03/2022,18:06:11,GOOG,250,2906.16,Sell
01/03/2022,18:06:11,TSLA,250,1175.71,Sell
01/03/2022,18:06:11,AMD,250,150.22,Sell
01/03/2022,18:06:11,MSFT,250,332.06,Sell
01/03/2022,18:07:11,MSFT,250,331.83,Buy
01/03/2022,18:07:11,TSLA,250,1175.80,Buy
01/03/2022,18:07:11,TSLA,250,1176.17,Sell
01/03/2022,18:08:08,AMD,250,150.16,Buy
01/03/2022,18:09:11,AMD,250,150.16,Sell
01/03/2022,18:09:11,TSLA,250,1176.00,Buy
01/03/2022,18:10:11,AMD,250,150.04,Buy
01/03/2022,18:10:11,GOOG,250,2902.19,Sell
01/03/2022,18:11:11,GOOG,250,2901.90,Buy
01/03/2022,18:11:11,AAPL,250,181.88,Sell
01/03/2022,18:12:06,AMZN,250,3394.65,Buy
01/03/2022,18:12:11,AAPL,250,181.92,Sell
01/03/2022,18:14:11,AAPL,250,182.03,Buy
01/03/2022,18:14:11,MSFT,250,332.91,Sell
01/03/2022,18:15:11,AMD,250,150.39,Sell
01/03/2022,18:15:11,AAPL,250,181.98,Buy
01/03/2022,18:15:11,MSFT,250,332.67,Buy
01/03/2022,18:16:11,MSFT,250,332.79,Sell
01/03/2022,18:16:11,AMD,250,150.26,Buy
01/03/2022,18:16:11,AMZN,250,3395.20,Buy
01/03/2022,18:17:11,META,250,15.22,Buy
01/03/2022,18:17:11,META,250,15.23,Sell
01/03/2022,18:18:09,META,250,15.22,Buy
01/03/2022,18:18:10,AMZN,250,3396.96,Sell
01/03/2022,18:19:07,AMZN,250,3395.93,Buy
01/03/2022,18:19:11,AAPL,250,182.17,Sell
01/03/2022,18:19:11,TSLA,250,1175.15,Sell
01/03/2022,18:20:11,META,250,15.21,Buy
01/03/2022,18:20:11,TSLA,250,1175.80,Buy
01/03/2022,18:20:11,AAPL,250,182.13,Buy
01/03/2022,18:21:11,MSFT,250,332.84,Buy
01/03/2022,18:22:11,TSLA,250,1178.00,Sell
01/03/2022,18:22:11,MSFT,250,332.73,Sell
01/03/2022,18:23:11,AMD,250,150.32,Sell
01/03/2022,18:24:11,TSLA,250,1176.79,Sell
01/03/2022,18:25:11,TSLA,250,1175.85,Buy
01/03/2022,18:25:11,AMD,250,150.31,Buy
01/03/2022,18:25:11,AMD,250,150.34,Sell
01/03/2022,18:26:11,GOOG,250,2909.25,Sell
01/03/2022,18:26:11,TSLA,250,1175.62,Buy
01/03/2022,18:26:11,AMD,250,150.23,Buy
01/03/2022,18:27:11,AMZN,250,3397.22,Sell
01/03/2022,18:28:06,AMZN,250,3398.37,Buy
01/03/2022,18:28:11,MSFT,250,332.35,Buy
01/03/2022,18:29:11,AAPL,250,182.17,Sell
01/03/2022,18:30:11,MSFT,250,332.34,Sell
01/03/2022,18:30:11,AAPL,250,182.32,Buy
01/03/2022,18:30:11,AAPL,250,182.33,Sell
01/03/2022,18:31:10,AMZN,250,3398.53,Sell
01/03/2022,18:31:10,AMD,250,150.11,Sell
01/03/2022,18:32:09,META,250,15.23,Sell
01/03/2022,18:32:11,MSFT,250,332.35,Buy
01/03/2022,18:33:10,META,250,15.22,Buy
01/03/2022,18:33:10,META,250,15.23,Sell
01/03/2022,18:33:11,GOOG,250,2906.01,Buy
01/03/2022,18:34:11,AMZN,250,3397.61,Buy
01/03/2022,18:34:11,AMZN,250,3398.51,Sell
01/03/2022,18:34:11,AAPL,250,182.31,Buy
01/03/2022,18:35:07,META,250,15.22,Buy
01/03/2022,18:35:07,META,250,15.23,Sell
01/03/2022,18:35:08,TSLA,250,1177.39,Sell
01/03/2022,18:35:11,AMD,250,149.77,Buy
01/03/2022,18:35:11,AAPL,250,182.27,Sell
01/03/2022,18:36:11,AAPL,250,182.33,Buy
01/03/2022,18:36:11,MSFT,250,332.21,Sell
01/03/2022,18:38:11,GOOG,250,2905.01,Buy
01/03/2022,18:39:10,TSLA,250,1178.25,Buy
01/03/2022,18:40:11,GOOG,250,2905.96,Buy
01/03/2022,18:40:11,TSLA,250,1179.50,Sell
01/03/2022,18:40:11,AMD,250,149.70,Sell
01/03/2022,18:41:11,AMD,250,149.77,Sell
01/03/2022,18:41:11,TSLA,250,1178.65,Buy
01/03/2022,18:41:11,TSLA,250,1178.81,Sell
01/03/2022,18:42:11,TSLA,250,1179.72,Buy
01/03/2022,18:42:11,AMD,250,149.88,Buy
01/03/2022,18:43:10,AMZN,250,3407.19,Sell
01/03/2022,18:43:11,MSFT,250,333.36,Sell
01/03/2022,18:44:11,MSFT,250,333.28,Buy
01/03/2022,18:45:10,AMZN,250,3406.10,Buy
01/03/2022,18:45:11,AMD,250,149.79,Buy
01/03/2022,18:45:11,MSFT,250,333.48,Buy
01/03/2022,18:45:11,AAPL,250,182.77,Sell
01/03/2022,18:46:11,META,250,15.25,Buy
01/03/2022,18:46:11,AAPL,250,182.86,Buy
01/03/2022,18:47:11,MSFT,250,333.42,Sell
01/03/2022,18:48:05,META,250,15.26,Sell
01/03/2022,18:48:07,GOOG,250,2908.68,Sell
01/03/2022,18:48:11,AMZN,250,3405.76,Buy
01/03/2022,18:49:11,AMZN,250,3408.00,Sell
01/03/2022,18:49:11,AAPL,250,182.61,Sell
01/03/2022,18:49:11,MSFT,250,333.50,Buy
01/03/2022,18:50:11,AMD,250,149.76,Sell
01/03/2022,18:50:11,META,250,15.25,Sell
01/03/2022,18:50:11,AAPL,250,182.58,Buy
01/03/2022,18:51:11,AAPL,250,182.61,Sell
01/03/2022,18:52:11,AAPL,250,182.54,Buy
01/03/2022,18:53:10,GOOG,250,2910.00,Sell
01/03/2022,18:53:11,AMZN,250,3408.41,Buy
01/03/2022,18:53:59,META,250,15.24,Buy
01/03/2022,18:54:11,TSLA,250,1179.49,Sell
01/03/2022,18:55:11,GOOG,250,2910.00,Sell
01/03/2022,18:56:11,TSLA,250,1179.17,Buy
01/03/2022,18:56:11,TSLA,250,1179.50,Sell
01/03/2022,18:57:11,AMD,250,149.97,Sell
01/03/2022,18:57:11,TSLA,250,1179.27,Buy
01/03/2022,18:57:11,TSLA,250,1179.50,Sell
01/03/2022,18:57:57,GOOG,250,2908.14,Buy
01/03/2022,18:58:11,AMD,250,149.98,Buy
01/03/2022,18:59:11,MSFT,250,333.56,Sell
01/03/2022,19:00:03,AMZN,250,3408.47,Sell
01/03/2022,19:00:11,AMD,250,149.83,Sell
01/03/2022,19:00:11,TSLA,250,1178.33,Buy
01/03/2022,19:00:11,MSFT,250,333.60,Sell
01/03/2022,19:01:11,META,250,15.24,Buy
01/03/2022,19:01:11,META,250,15.25,Sell
01/03/2022,19:01:11,AAPL,250,182.43,Sell
01/03/2022,19:02:06,META,250,15.24,Buy
01/03/2022,19:02:11,MSFT,250,333.61,Buy
01/03/2022,19:03:10,AMZN,250,3408.64,Sell
01/03/2022,19:04:11,MSFT,250,333.44,Buy
01/03/2022,19:04:11,MSFT,250,333.47,Sell
01/03/2022,19:04:11,AAPL,250,182.21,Buy
01/03/2022,19:04:11,AMD,250,149.56,Buy
01/03/2022,19:05:11,MSFT,250,333.46,Buy
01/03/2022,19:05:11,AAPL,250,182.33,Sell
01/03/2022,19:07:11,GOOG,250,2909.37,Buy
01/03/2022,19:07:11,AAPL,250,182.15,Sell
01/03/2022,19:08:11,AMZN,250,3405.28,Buy
01/03/2022,19:08:11,AMZN,250,3406.04,Sell
01/03/2022,19:09:08,META,250,15.25,Sell
01/03/2022,19:09:11,AAPL,250,182.19,Buy
01/03/2022,19:10:09,AMZN,250,3407.42,Buy
01/03/2022,19:11:11,META,250,15.24,Buy
01/03/2022,19:11:11,AAPL,250,182.09,Buy
01/03/2022,19:11:11,TSLA,250,1182.67,Sell
01/03/2022,19:12:11,TSLA,250,1183.37,Sell
01/03/2022,19:13:11,AMD,250,149.51,Buy
01/03/2022,19:13:11,AMD,250,149.54,Sell
01/03/2022,19:13:11,GOOG,250,2907.49,Sell
01/03/2022,19:15:11,TSLA,250,1183.59,Buy
01/03/2022,19:15:11,TSLA,250,1184.00,Sell
01/03/2022,19:16:05,META,250,15.25,Sell
01/03/2022,19:17:08,META,250,15.26,Sell
01/03/2022,19:17:11,TSLA,250,1185.50,Buy
01/03/2022,19:17:11,MSFT,250,333.79,Sell
01/03/2022,19:17:11,AMD,250,149.92,Buy
01/03/2022,19:18:08,META,250,15.24,Buy
01/03/2022,19:18:11,TSLA,250,1185.42,Buy
01/03/2022,19:18:11,AMZN,250,3409.36,Buy
01/03/2022,19:19:11,MSFT,250,333.78,Buy
01/03/2022,19:19:11,MSFT,250,333.81,Sell
01/03/2022,19:19:11,AAPL,250,182.28,Sell
01/03/2022,19:19:11,AMD,250,149.98,Sell
01/03/2022,19:20:11,AMD,250,149.90,Buy
01/03/2022,19:20:11,MSFT,250,333.69,Sell
01/03/2022,19:20:11,AAPL,250,182.17,Buy
01/03/2022,19:22:10,GOOG,250,2902.74,Sell
01/03/2022,19:22:11,MSFT,250,333.64,Buy
01/03/2022,19:23:06,AMZN,250,3409.30,Sell
01/03/2022,19:23:11,META,250,15.25,Buy
01/03/2022,19:24:11,MSFT,250,333.55,Buy
01/03/2022,19:24:11,AAPL,250,181.89,Sell
01/03/2022,19:25:09,AMZN,250,3407.14,Buy
01/03/2022,19:25:09,AMZN,250,3408.10,Sell
01/03/2022,19:26:06,META,250,15.26,Sell
01/03/2022,19:26:11,GOOG,250,2901.42,Buy
01/03/2022,19:26:11,AAPL,250,181.93,Sell
01/03/2022,19:27:11,AMZN,250,3407.51,Buy
01/03/2022,19:28:10,GOOG,250,2901.14,Buy
01/03/2022,19:28:10,AMD,250,149.92,Sell
01/03/2022,19:28:11,AAPL,250,181.88,Buy
01/03/2022,19:30:05,META,250,15.26,Buy
01/03/2022,19:30:09,TSLA,250,1185.50,Sell
01/03/2022,19:30:11,AMD,250,149.95,Buy
01/03/2022,19:31:11,AAPL,250,181.84,Buy
01/03/2022,19:32:11,TSLA,250,1183.09,Sell
01/03/2022,19:32:11,AMD,250,150.00,Sell
01/03/2022,19:33:08,AMZN,250,3409.02,Sell
01/03/2022,19:33:08,META,250,15.26,Sell
01/03/2022,19:33:11,TSLA,250,1183.30,Buy
01/03/2022,19:33:11,TSLA,250,1183.67,Sell
01/03/2022,19:34:09,TSLA,250,1183.89,Buy
01/03/2022,19:34:11,MSFT,250,333.50,Sell
01/03/2022,19:35:10,META,250,15.25,Buy
01/03/2022,19:35:11,AMD,250,149.99,Buy
01/03/2022,19:35:11,AMD,250,150.02,Sell
01/03/2022,19:35:11,AAPL,250,181.90,Sell
01/03/2022,19:35:11,MSFT,250,333.45,Buy
01/03/2022,19:36:11,AMZN,250,3407.25,Buy
01/03/2022,19:36:11,GOOG,250,2902.48,Buy
01/03/2022,19:37:11,TSLA,250,1187.24,Buy
01/03/2022,19:37:11,MSFT,250,333.44,Sell
01/03/2022,19:38:10,META,250,15.25,Sell
01/03/2022,19:39:01,META,250,15.24,Buy
01/03/2022,19:39:10,MSFT,250,333.47,Buy
01/03/2022,19:39:10,MSFT,250,333.49,Sell
01/03/2022,19:39:11,AMD,250,149.94,Buy
01/03/2022,19:39:11,AAPL,250,181.98,Buy
01/03/2022,19:40:11,AMZN,250,3408.90,Sell
01/03/2022,19:41:07,AMZN,250,3407.02,Buy
01/03/2022,19:41:11,GOOG,250,2905.01,Sell
01/03/2022,19:41:11,MSFT,250,333.77,Buy
01/03/2022,19:42:11,AMZN,250,3408.72,Sell
01/03/2022,19:43:10,AMZN,250,3407.70,Buy
01/03/2022,19:43:11,GOOG,250,2908.40,Sell
01/03/2022,19:43:11,AAPL,250,182.17,Sell
01/03/2022,19:45:11,META,250,15.27,Sell
01/03/2022,19:45:11,AMD,250,150.49,Sell
01/03/2022,19:45:11,AAPL,250,182.16,Buy
01/03/2022,19:46:11,AMD,250,150.52,Buy
01/03/2022,19:46:11,AAPL,250,182.18,Sell
01/03/2022,19:47:11,AAPL,250,182.19,Buy
01/03/2022,19:48:11,TSLA,250,1191.24,Sell
01/03/2022,19:49:11,TSLA,250,1191.11,Buy
01/03/2022,19:49:11,TSLA,250,1191.40,Sell
01/03/2022,19:50:03,META,250,15.26,Buy
01/03/2022,19:50:03,META,250,15.27,Sell
01/03/2022,19:50:10,MSFT,250,334.06,Sell
01/03/2022,19:50:11,TSLA,250,1190.41,Buy
01/03/2022,19:50:11,AMD,250,150.74,Sell
01/03/2022,19:51:10,GOOG,250,2907.75,Sell
01/03/2022,19:51:11,AMD,250,150.73,Buy
01/03/2022,19:51:11,MSFT,250,334.03,Buy
01/03/2022,19:51:11,AMZN,250,3409.96,Sell
01/03/2022,19:52:11,TSLA,250,1191.00,Sell
01/03/2022,19:53:11,META,250,15.25,Buy
01/03/2022,19:53:11,TSLA,250,1191.50,Buy
01/03/2022,19:54:11,META,250,15.27,Sell
01/03/2022,19:54:11,AMD,250,150.96,Sell
01/03/2022,19:54:11,AAPL,250,182.06,Sell
01/03/2022,19:54:11,MSFT,250,333.96,Sell
01/03/2022,19:55:11,AMZN,250,3409.01,Buy
01/03/2022,19:55:11,AAPL,250,182.05,Buy
01/03/2022,19:55:11,MSFT,250,333.87,Buy
01/03/2022,19:56:07,META,250,15.26,Buy
01/03/2022,19:56:11,AMZN,250,3410.33,Sell
01/03/2022,19:56:11,MSFT,250,333.82,Sell
01/03/2022,19:57:11,AMZN,250,3410.03,Buy
01/03/2022,19:57:11,AMD,250,150.87,Buy
01/03/2022,19:58:11,AMZN,250,3410.02,Sell
01/03/2022,19:58:11,GOOG,250,2902.24,Buy
01/03/2022,20:00:11,AAPL,250,181.95,Sell
01/03/2022,20:01:11,AMD,250,150.80,Sell
01/03/2022,20:01:11,MSFT,250,333.61,Buy
01/03/2022,20:01:11,AAPL,250,181.98,Buy
01/03/2022,20:02:11,GOOG,250,2906.19,Buy
01/03/2022,20:02:11,AAPL,250,181.88,Sell
01/03/2022,20:03:11,AMZN,250,3406.64,Buy
01/03/2022,20:03:11,AMD,250,150.65,Buy
01/03/2022,20:03:11,AAPL,250,181.82,Buy
01/03/2022,20:04:11,TSLA,250,1196.34,Sell
01/03/2022,20:04:55,META,250,15.26,Sell
01/03/2022,20:05:10,TSLA,250,1198.06,Sell
01/03/2022,20:06:06,META,250,15.25,Buy
01/03/2022,20:06:11,MSFT,250,333.67,Sell
01/03/2022,20:06:11,AMD,250,150.72,Sell
01/03/2022,20:07:11,TSLA,250,1197.31,Buy
01/03/2022,20:08:10,META,250,15.25,Sell
01/03/2022,20:08:11,TSLA,250,1196.80,Sell
01/03/2022,20:08:11,MSFT,250,333.64,Buy
01/03/2022,20:09:58,META,250,15.25,Buy
01/03/2022,20:10:11,GOOG,250,2904.29,Buy
01/03/2022,20:10:11,AMZN,250,3405.93,Sell
01/03/2022,20:10:11,MSFT,250,333.80,Sell
01/03/2022,20:10:11,AAPL,250,181.99,Sell
01/03/2022,20:11:10,META,250,15.26,Sell
01/03/2022,20:11:11,AMD,250,150.70,Buy
01/03/2022,20:11:11,MSFT,250,333.81,Buy
01/03/2022,20:12:10,AAPL,250,182.01,Buy
01/03/2022,20:12:10,AMZN,250,3407.94,Sell
01/03/2022,20:12:11,AMD,250,150.91,Sell
01/03/2022,20:13:09,META,250,15.26,Buy
01/03/2022,20:13:11,GOOG,250,2906.68,Sell
01/03/2022,20:13:11,TSLA,250,1197.38,Buy
01/03/2022,20:14:11,TSLA,250,1197.87,Buy
01/03/2022,20:14:11,AMD,250,150.95,Buy
01/03/2022,20:15:11,AMZN,250,3407.19,Buy
01/03/2022,20:16:11,MSFT,250,334.08,Sell
01/03/2022,20:16:11,AAPL,250,182.07,Sell
01/03/2022,20:17:11,GOOG,250,2907.64,Sell
01/03/2022,20:17:11,MSFT,250,334.08,Buy
01/03/2022,20:18:08,AMZN,250,3403.85,Sell
01/03/2022,20:18:11,AAPL,250,181.97,Sell
01/03/2022,20:18:11,AMD,250,150.57,Sell
01/03/2022,20:19:11,AAPL,250,181.95,Buy
01/03/2022,20:20:11,AMD,250,150.57,Buy
01/03/2022,20:20:11,AMZN,250,3403.39,Buy
01/03/2022,20:20:11,AAPL,250,182.00,Buy
01/03/2022,20:21:06,META,250,15.27,Sell
01/03/2022,20:21:08,AMZN,250,3402.21,Buy
01/03/2022,20:22:11,GOOG,250,2905.19,Buy
01/03/2022,20:22:11,TSLA,250,1195.43,Sell
01/03/2022,20:23:11,GOOG,250,2904.28,Buy
01/03/2022,20:23:11,MSFT,250,333.86,Sell
01/03/2022,20:25:11,META,250,15.24,Buy
01/03/2022,20:25:11,META,250,15.25,Sell
01/03/2022,20:25:11,GOOG,250,2908.01,Sell
01/03/2022,20:26:07,META,250,15.25,Buy
01/03/2022,20:26:11,MSFT,250,333.79,Buy
01/03/2022,20:26:11,MSFT,250,333.80,Sell
01/03/2022,20:26:11,AMD,250,150.52,Sell
01/03/2022,20:26:11,TSLA,250,1193.28,Buy
01/03/2022,20:27:11,AAPL,250,182.05,Sell
01/03/2022,20:27:53,META,250,15.26,Sell
01/03/2022,20:28:11,TSLA,250,1193.81,Sell
01/03/2022,20:28:11,MSFT,250,333.80,Buy
01/03/2022,20:29:11,TSLA,250,1192.51,Sell
01/03/2022,20:29:11,AAPL,250,182.06,Buy
01/03/2022,20:29:11,AMD,250,150.34,Sell
01/03/2022,20:30:11,AMZN,250,3403.90,Sell
01/03/2022,20:30:11,META,250,15.25,Buy
01/03/2022,20:30:11,TSLA,250,1193.50,Buy
01/03/2022,20:31:11,AMD,250,150.34,Buy
01/03/2022,20:32:11,MSFT,250,333.90,Sell
01/03/2022,20:32:11,AMD,250,150.38,Buy
01/03/2022,20:33:10,AMZN,250,3404.60,Buy
01/03/2022,20:34:11,TSLA,250,1196.74,Buy
01/03/2022,20:34:11,AAPL,250,181.87,Sell
01/03/2022,20:34:11,MSFT,250,333.83,Buy
01/03/2022,20:35:11,GOOG,250,2904.99,Buy
01/03/2022,20:35:11,AMZN,250,3406.96,Sell
01/03/2022,20:35:11,AMD,250,150.65,Sell
01/03/2022,20:35:11,AAPL,250,181.84,Sell
01/03/2022,20:36:11,AMZN,250,3407.02,Sell
01/03/2022,20:36:11,AMD,250,150.62,Buy
01/03/2022,20:37:11,GOOG,250,2907.22,Sell
01/03/2022,20:37:11,AAPL,250,181.89,Buy
01/03/2022,20:38:10,GOOG,250,2908.29,Sell
01/03/2022,20:38:11,AAPL,250,181.84,Buy
01/03/2022,20:39:11,GOOG,250,2905.32,Buy
01/03/2022,20:40:02,META,250,15.26,Sell
01/03/2022,20:40:11,AMZN,250,3406.18,Buy
01/03/2022,20:40:49,META,250,15.25,Buy
01/03/2022,20:40:49,META,250,15.26,Sell
01/03/2022,20:41:11,TSLA,250,1193.97,Sell
01/03/2022,20:41:11,MSFT,250,333.85,Sell
01/03/2022,20:43:09,META,250,15.23,Buy
01/03/2022,20:43:11,MSFT,250,333.33,Sell
01/03/2022,20:44:11,AAPL,250,181.41,Sell
01/03/2022,20:45:08,AMZN,250,3400.34,Buy
01/03/2022,20:45:11,META,250,15.23,Sell
01/03/2022,20:45:11,TSLA,250,1191.21,Buy
01/03/2022,20:45:11,TSLA,250,1191.47,Sell
01/03/2022,20:45:11,AAPL,250,181.53,Buy
01/03/2022,20:45:11,MSFT,250,333.52,Buy
01/03/2022,20:46:04,META,250,15.23,Buy
01/03/2022,20:46:11,AMD,250,150.06,Sell
01/03/2022,20:46:11,MSFT,250,333.68,Buy
01/03/2022,20:47:11,AMD,250,150.10,Sell
01/03/2022,20:48:10,AMZN,250,3405.60,Sell
01/03/2022,20:48:11,AMD,250,150.15,Buy
01/03/2022,20:48:11,TSLA,250,1194.21,Buy
01/03/2022,20:49:10,TSLA,250,1194.61,Sell
01/03/2022,20:49:11,MSFT,250,334.04,Sell
01/03/2022,20:50:11,AMZN,250,3402.25,Buy
01/03/2022,20:50:11,GOOG,250,2898.66,Sell
01/03/2022,20:50:11,TSLA,250,1197.64,Buy
01/03/2022,20:50:11,MSFT,250,334.23,Buy
01/03/2022,20:50:11,AMD,250,149.95,Buy
01/03/2022,20:51:11,AMD,250,149.84,Sell
01/03/2022,20:52:11,AAPL,250,181.24,Sell
01/03/2022,20:53:11,AAPL,250,181.37,Buy
01/03/2022,20:53:11,AAPL,250,181.38,Sell
01/03/2022,20:54:11,GOOG,250,2896.12,Buy
01/03/2022,20:54:11,GOOG,250,2897.18,Sell
01/03/2022,20:54:11,AMD,250,149.82,Buy
01/03/2022,20:55:11,GOOG,250,2898.28,Buy
01/03/2022,20:55:11,AMZN,250,3406.43,Sell
01/03/2022,20:56:11,META,250,15.24,Sell
01/03/2022,20:56:11,AAPL,250,181.75,Buy
01/03/2022,20:56:11,GOOG,250,2897.11,Buy
01/03/2022,20:57:11,AMZN,250,3406.12,Buy
01/03/2022,20:58:11,META,250,15.24,Sell
01/03/2022,21:00:00,META,250,15.25,Sell
01/03/2022,21:00:02,AMZN,250,3410.97,Sell
01/03/2022,21:00:04,MSFT,250,334.73,Sell
01/03/2022,21:00:10,AAPL,250,181.81,Sell
01/03/2022,21:00:10,TSLA,250,1199.80,Sell
01/03/2022,21:00:54,MSFT,250,334.87,Sell
01/03/2022,21:02:21,AMD,250,150.35,Sell
01/03/2022,21:02:21,AMD,250,150.35,Sell
01/03/2022,21:03:11,TSLA,250,1202.35,Sell
01/03/2022,21:04:58,AMZN,250,3410.97,Sell
01/03/2022,21:05:01,MSFT,250,334.84,Sell
01/03/2022,21:05:11,TSLA,250,1206.00,Sell
01/03/2022,21:06:34,GOOG,250,2909.60,Sell
01/03/2022,21:06:34,GOOG,250,2909.60,Sell
01/03/2022,21:06:34,GOOG,250,2909.60,Sell
01/03/2022,21:08:00,AAPL,250,182.16,Sell
01/03/2022,21:08:32,AMD,250,150.33,Sell
01/03/2022,21:11:10,AAPL,250,182.20,Sell
01/03/2022,21:11:54,AMZN,250,3409.46,Sell
01/04/2022,14:30:11,AAPL,250,182.80,Buy
01/04/2022,14:30:11,MSFT,250,334.50,Buy
01/04/2022,14:31:09,GOOG,250,2907.69,Buy
01/04/2022,14:31:11,AAPL,250,182.22,Buy
01/04/2022,14:31:11,AMZN,250,3411.00,Buy
01/04/2022,14:32:11,META,250,15.24,Buy
01/04/2022,14:32:11,TSLA,250,1191.78,Buy
01/04/2022,14:32:11,MSFT,250,333.74,Buy
01/04/2022,14:32:11,GOOG,250,2905.00,Buy
01/04/2022,14:32:11,AMD,250,151.25,Buy
01/04/2022,14:35:11,META,250,15.20,Buy
01/04/2022,14:35:11,TSLA,250,1190.00,Buy
01/04/2022,14:35:11,MSFT,250,332.59,Buy
01/04/2022,14:35:11,AMZN,250,3414.97,Buy
01/04/2022,14:35:11,AAPL,250,181.89,Buy
01/04/2022,14:36:11,AMZN,250,3417.02,Buy
01/04/2022,14:36:11,TSLA,250,1188.80,Buy
01/04/2022,14:36:11,AMD,250,149.53,Buy
01/04/2022,14:38:11,AMD,250,149.81,Buy
01/04/2022,14:39:11,META,250,15.20,Buy
01/04/2022,14:41:11,GOOG,250,2909.03,Buy
01/04/2022,14:45:11,MSFT,250,333.99,Sell
01/04/2022,14:45:11,AAPL,250,182.01,Sell
01/04/2022,14:46:11,GOOG,250,2920.54,Sell
01/04/2022,14:46:11,AMZN,250,3396.84,Sell
01/04/2022,14:46:11,AAPL,250,181.86,Sell
01/04/2022,14:47:10,META,250,15.16,Sell
01/04/2022,14:47:11,TSLA,250,1201.99,Sell
01/04/2022,14:47:11,AMD,250,150.02,Sell
01/04/2022,14:47:11,GOOG,250,2917.97,Sell
01/04/2022,14:47:11,AAPL,250,181.87,Buy
01/04/2022,14:47:11,MSFT,250,333.64,Buy
01/04/2022,14:47:11,MSFT,250,333.67,Sell
01/04/2022,14:48:10,GOOG,250,2916.20,Buy
01/04/2022,14:48:11,TSLA,250,1198.80,Buy
01/04/2022,14:49:02,GOOG,250,2915.01,Buy
01/04/2022,14:49:11,AMZN,250,3397.78,Buy
01/04/2022,14:49:11,MSFT,250,333.62,Buy
01/04/2022,14:50:11,META,250,15.15,Buy
01/04/2022,14:50:11,META,250,15.16,Sell
01/04/2022,14:50:11,MSFT,250,333.09,Sell
01/04/2022,14:50:11,AAPL,250,182.31,Buy
01/04/2022,14:50:11,AAPL,250,182.32,Sell
01/04/2022,14:50:11,AMZN,250,3401.28,Sell
01/04/2022,14:50:11,TSLA,250,1192.95,Sell
01/04/2022,14:51:11,AMZN,250,3397.76,Buy
01/04/2022,14:51:11,AMZN,250,3399.17,Sell
01/04/2022,14:51:11,AAPL,250,182.23,Buy
01/04/2022,14:51:11,TSLA,250,1191.77,Sell
01/04/2022,14:51:11,AMD,250,150.17,Sell
01/04/2022,14:52:11,MSFT,250,333.51,Buy
01/04/2022,14:53:11,AMZN,250,3398.02,Buy
01/04/2022,14:53:11,AMD,250,149.76,Sell
01/04/2022,14:54:10,META,250,15.11,Buy
01/04/2022,14:54:10,META,250,15.12,Sell
01/04/2022,14:56:11,META,250,15.11,Buy
01/04/2022,14:56:11,GOOG,250,2926.45,Sell
01/04/2022,14:57:10,AMD,250,149.04,Buy
01/04/2022,14:57:11,TSLA,250,1193.04,Buy
01/04/2022,14:58:11,GOOG,250,2929.96,Buy
01/04/2022,14:58:11,TSLA,250,1191.99,Buy
01/04/2022,15:00:11,AMD,250,149.23,Buy
01/04/2022,15:01:11,AMD,250,148.71,Buy
01/04/2022,15:02:11,MSFT,250,333.31,Sell
01/04/2022,15:02:11,AAPL,250,181.79,Sell
01/04/2022,15:03:11,TSLA,250,1183.59,Sell
01/04/2022,15:03:11,GOOG,250,2917.88,Sell
01/04/2022,15:04:11,GOOG,250,2920.62,Sell
01/04/2022,15:04:11,AMZN,250,3388.00,Sell
01/04/2022,15:04:11,MSFT,250,333.02,Sell
01/04/2022,15:05:11,AAPL,250,181.83,Buy
01/04/2022,15:05:11,AAPL,250,181.84,Sell
01/04/2022,15:05:11,META,250,15.03,Sell
01/04/2022,15:05:11,MSFT,250,333.30,Buy
01/04/2022,15:06:11,AMZN,250,3385.06,Buy
01/04/2022,15:06:11,AMZN,250,3387.55,Sell
01/04/2022,15:06:11,AAPL,250,181.92,Sell
01/04/2022,15:06:11,TSLA,250,1177.23,Buy
01/04/2022,15:07:11,AMZN,250,3385.35,Buy
01/04/2022,15:07:11,GOOG,250,2921.33,Buy
01/04/2022,15:07:11,MSFT,250,333.88,Sell
01/04/2022,15:08:10,META,250,15.02,Buy
01/04/2022,15:08:11,AMZN,250,3385.00,Sell
01/04/2022,15:09:08,META,250,15.04,Sell
01/04/2022,15:09:11,AMZN,250,3382.00,Buy
01/04/2022,15:09:11,AAPL,250,181.93,Buy
01/04/2022,15:09:11,MSFT,250,333.07,Buy
01/04/2022,15:10:10,META,250,15.03,Buy
01/04/2022,15:10:11,AAPL,250,181.96,Buy
01/04/2022,15:11:05,META,250,15.03,Sell
01/04/2022,15:11:11,MSFT,250,333.09,Buy
01/04/2022,15:12:11,META,250,15.02,Buy
01/04/2022,15:12:11,TSLA,250,1183.32,Sell
01/04/2022,15:12:11,AMD,250,147.92,Sell
01/04/2022,15:13:11,GOOG,250,2918.93,Sell
01/04/2022,15:13:11,TSLA,250,1182.00,Sell
01/04/2022,15:14:11,AMD,250,147.04,Buy
01/04/2022,15:14:11,TSLA,250,1180.50,Buy
01/04/2022,15:15:11,AMD,250,147.06,Sell
01/04/2022,15:16:11,AMD,250,147.20,Sell
01/04/2022,15:19:11,TSLA,250,1179.74,Buy
01/04/2022,15:20:11,GOOG,250,2905.48,Buy
01/04/2022,15:20:11,MSFT,250,333.05,Sell
01/04/2022,15:20:11,AAPL,250,181.85,Sell
01/04/2022,15:20:11,AMD,250,147.03,Buy
01/04/2022,15:21:11,TSLA,250,1184.00,Sell
01/04/2022,15:21:11,AMD,250,147.10,Buy
01/04/2022,15:21:11,GOOG,250,2905.05,Buy
01/04/2022,15:21:11,AMZN,250,3376.78,Sell
01/04/2022,15:22:07,GOOG,250,2907.88,Sell
01/04/2022,15:22:11,AMZN,250,3376.79,Sell
01/04/2022,15:22:11,MSFT,250,333.32,Buy
01/04/2022,15:23:07,META,250,15.00,Sell
01/04/2022,15:23:10,GOOG,250,2902.00,Buy
01/04/2022,15:23:11,AAPL,250,181.99,Buy
01/04/2022,15:24:11,AMZN,250,3372.15,Buy
01/04/2022,15:24:11,AMZN,250,3374.78,Sell
01/04/2022,15:24:11,MSFT,250,333.38,Sell
01/04/2022,15:24:11,AAPL,250,182.14,Sell
01/04/2022,15:25:10,META,250,15.01,Sell
01/04/2022,15:25:11,AAPL,250,182.00,Sell
01/04/2022,15:25:11,MSFT,250,333.11,Buy
01/04/2022,15:26:11,AMZN,250,3372.14,Buy
01/04/2022,15:26:11,TSLA,250,1186.56,Buy
01/04/2022,15:26:11,MSFT,250,333.14,Sell
01/04/2022,15:26:11,AAPL,250,182.00,Buy
01/04/2022,15:27:11,META,250,14.99,Buy
01/04/2022,15:27:11,META,250,15.00,Sell
01/04/2022,15:28:11,META,250,14.97,Buy
01/04/2022,15:28:11,AAPL,250,182.04,Buy
01/04/2022,15:29:11,AMZN,250,3376.26,Buy
01/04/2022,15:29:11,TSLA,250,1187.23,Sell
01/04/2022,15:29:11,AMD,250,146.60,Sell
01/04/2022,15:29:11,MSFT,250,333.62,Buy
01/04/2022,15:30:11,META,250,15.00,Buy
01/04/2022,15:30:11,TSLA,250,1185.21,Buy
01/04/2022,15:31:11,AMD,250,146.82,Buy
01/04/2022,15:34:11,TSLA,250,1180.27,Sell
01/04/2022,15:35:11,GOOG,250,2913.71,Sell
01/04/2022,15:35:11,AMD,250,145.79,Sell
01/04/2022,15:36:09,GOOG,250,2911.95,Sell
01/04/2022,15:36:11,AMD,250,145.70,Sell
01/04/2022,15:37:11,TSLA,250,1174.44,Buy
01/04/2022,15:37:11,MSFT,250,333.20,Sell
01/04/2022,15:38:11,GOOG,250,2909.17,Sell
01/04/2022,15:38:11,AAPL,250,182.14,Sell
01/04/2022,15:39:11,AMD,250,144.99,Buy
01/04/2022,15:39:11,AMZN,250,3363.66,Sell
01/04/2022,15:40:11,AMZN,250,3362.20,Buy
01/04/2022,15:40:11,MSFT,250,332.96,Buy
01/04/2022,15:40:11,MSFT,250,333.01,Sell
01/04/2022,15:41:10,TSLA,250,1170.00,Sell
01/04/2022,15:41:11,AMZN,250,3364.35,Sell
01/04/2022,15:41:11,AMD,250,144.90,Buy
01/04/2022,15:41:11,AAPL,250,182.11,Buy
01/04/2022,15:41:11,AAPL,250,182.12,Sell
01/04/2022,15:42:10,META,250,14.86,Sell
01/04/2022,15:42:11,GOOG,250,2906.57,Buy
01/04/2022,15:43:11,META,250,14.86,Sell
01/04/2022,15:43:11,TSLA,250,1169.81,Buy
01/04/2022,15:43:11,AAPL,250,182.02,Buy
01/04/2022,15:43:11,AAPL,250,182.03,Sell
01/04/2022,15:44:11,AMZN,250,3360.40,Buy
01/04/2022,15:44:11,AMZN,250,3362.63,Sell
01/04/2022,15:44:11,MSFT,250,332.35,Sell
01/04/2022,15:45:11,META,250,14.83,Sell
01/04/2022,15:45:11,MSFT,250,332.11,Buy
01/04/2022,15:45:11,TSLA,250,1164.50,Sell
01/04/2022,15:46:11,AMD,250,144.02,Sell
01/04/2022,15:46:11,TSLA,250,1165.18,Buy
01/04/2022,15:46:11,AAPL,250,181.83,Buy
01/04/2022,15:47:11,AMZN,250,3360.02,Buy
01/04/2022,15:48:11,MSFT,250,331.70,Buy
01/04/2022,15:49:09,META,250,14.86,Buy
01/04/2022,15:49:11,AMD,250,144.72,Buy
01/04/2022,15:50:07,META,250,14.85,Buy
01/04/2022,15:52:07,META,250,14.84,Buy
01/04/2022,15:52:11,TSLA,250,1168.16,Sell
01/04/2022,15:53:11,TSLA,250,1167.04,Buy
01/04/2022,15:54:11,AMD,250,144.37,Sell
01/04/2022,15:55:11,AMZN,250,3353.86,Sell
01/04/2022,15:55:11,MSFT,250,330.08,Sell
01/04/2022,15:56:11,AMD,250,143.76,Sell
01/04/2022,15:56:11,AAPL,250,181.50,Sell
01/04/2022,15:57:10,GOOG,250,2891.40,Sell
01/04/2022,15:58:11,AMZN,250,3345.82,Buy
01/04/2022,15:58:11,TSLA,250,1155.64,Sell
01/04/2022,15:58:11,GOOG,250,2889.18,Buy
01/04/2022,15:58:11,AAPL,250,181.28,Buy
01/04/2022,15:58:11,AAPL,250,181.29,Sell
01/04/2022,15:58:11,AMD,250,143.48,Buy
01/04/2022,15:59:11,AMZN,250,3347.85,Sell
01/04/2022,16:00:11,MSFT,250,329.48,Sell
01/04/2022,16:00:11,AMZN,250,3344.10,Buy
01/04/2022,16:01:11,GOOG,250,2887.33,Buy
01/04/2022,16:01:11,TSLA,250,1149.40,Sell
01/04/2022,16:01:11,AAPL,250,180.58,Sell
01/04/2022,16:02:10,GOOG,250,2892.10,Buy
01/04/2022,16:02:11,AMZN,250,3342.69,Sell
01/04/2022,16:02:11,AMD,250,142.63,Buy
01/04/2022,16:02:11,MSFT,250,329.85,Buy
01/04/2022,16:03:11,MSFT,250,329.43,Buy
01/04/2022,16:03:11,MSFT,250,329.46,Sell
01/04/2022,16:04:11,AMD,250,142.20,Sell
01/04/2022,16:04:11,AMZN,250,3334.63,Buy
01/04/2022,16:04:11,TSLA,250,1140.20,Buy
01/04/2022,16:04:11,META,250,14.74,Sell
01/04/2022,16:05:11,AAPL,250,179.67,Buy
01/04/2022,16:05:11,META,250,14.74,Sell
01/04/2022,16:05:11,MSFT,250,329.46,Buy
01/04/2022,16:05:11,AMD,250,142.14,Buy
01/04/2022,16:06:11,AAPL,250,179.74,Buy
01/04/2022,16:07:11,TSLA,250,1142.62,Buy
01/04/2022,16:07:11,META,250,14.75,Sell
01/04/2022,16:08:11,META,250,14.73,Buy
01/04/2022,16:08:11,TSLA,250,1144.99,Sell
01/04/2022,16:09:10,META,250,14.75,Buy
01/04/2022,16:11:11,META,250,14.74,Buy
01/04/2022,16:13:11,AAPL,250,180.58,Sell
01/04/2022,16:13:11,GOOG,250,2894.90,Sell
01/04/2022,16:13:11,AMZN,250,3333.59,Sell
01/04/2022,16:13:11,AMD,250,142.67,Sell
01/04/2022,16:14:11,AAPL,250,180.28,Buy
01/04/2022,16:14:11,AMD,250,142.35,Buy
01/04/2022,16:15:11,AMZN,250,3331.97,Buy
01/04/2022,16:15:11,AMZN,250,3333.45,Sell
01/04/2022,16:15:11,TSLA,250,1146.90,Buy
01/04/2022,16:16:03,GOOG,250,2886.36,Sell
01/04/2022,16:17:09,GOOG,250,2889.02,Sell
01/04/2022,16:17:11,AMZN,250,3328.23,Buy
01/04/2022,16:17:11,MSFT,250,327.86,Sell
01/04/2022,16:17:11,AMD,250,141.80,Sell
01/04/2022,16:18:11,MSFT,250,328.09,Sell
01/04/2022,16:19:11,TSLA,250,1145.58,Sell
01/04/2022,16:19:11,AMZN,250,3336.22,Sell
01/04/2022,16:20:11,AMD,250,141.89,Sell
01/04/2022,16:20:11,MSFT,250,327.91,Sell
01/04/2022,16:20:11,TSLA,250,1145.49,Buy
01/04/2022,16:20:11,AAPL,250,180.35,Sell
01/04/2022,16:21:11,AAPL,250,180.26,Sell
01/04/2022,16:21:11,AMD,250,141.93,Buy
01/04/2022,16:22:11,TSLA,250,1145.48,Sell
01/04/2022,16:22:11,AAPL,250,180.17,Buy
01/04/2022,16:23:10,META,250,14.76,Sell
01/04/2022,16:23:11,AMZN,250,3334.04,Buy
01/04/2022,16:24:10,META,250,14.74,Sell
01/04/2022,16:24:11,MSFT,250,327.83,Buy
01/04/2022,16:25:09,META,250,14.74,Buy
01/04/2022,16:25:10,GOOG,250,2885.31,Buy
01/04/2022,16:25:11,AMD,250,141.58,Buy
01/04/2022,16:25:11,MSFT,250,328.17,Buy
01/04/2022,16:26:08,META,250,14.74,Buy
01/04/2022,16:26:08,META,250,14.75,Sell
01/04/2022,16:27:11,TSLA,250,1130.96,Buy
01/04/2022,16:28:11,MSFT,250,328.10,Buy
01/04/2022,16:29:11,AAPL,250,179.68,Sell
01/04/2022,16:29:11,AMD,250,141.66,Sell
01/04/2022,16:30:11,AMZN,250,3333.59,Sell
01/04/2022,16:30:11,AMD,250,141.93,Buy
01/04/2022,16:30:11,TSLA,250,1134.73,Sell
01/04/2022,16:31:09,AMZN,250,3334.10,Buy
01/04/2022,16:31:11,AAPL,250,179.72,Buy
01/04/2022,16:32:11,TSLA,250,1137.70,Buy
01/04/2022,16:32:11,AMZN,250,3336.62,Sell
01/04/2022,16:32:11,AAPL,250,179.84,Buy
01/04/2022,16:34:10,META,250,14.76,Buy
01/04/2022,16:35:11,TSLA,250,1142.30,Sell
01/04/2022,16:35:11,GOOG,250,2889.71,Buy
01/04/2022,16:36:11,AMD,250,143.13,Sell
01/04/2022,16:36:11,GOOG,250,2893.50,Buy
01/04/2022,16:37:11,AAPL,250,180.10,Sell
01/04/2022,16:37:11,AMD,250,143.03,Buy
01/04/2022,16:38:10,AMZN,250,3344.34,Buy
01/04/2022,16:38:10,AMZN,250,3345.52,Sell
01/04/2022,16:38:11,AAPL,250,180.11,Buy
01/04/2022,16:39:11,TSLA,250,1147.18,Buy
01/04/2022,16:39:11,MSFT,250,329.15,Sell
01/04/2022,16:40:10,META,250,14.80,Sell
01/04/2022,16:40:11,AMZN,250,3345.81,Buy
01/04/2022,16:40:11,GOOG,250,2896.55,Sell
01/04/2022,16:40:11,AMD,250,143.08,Sell
01/04/2022,16:40:11,MSFT,250,329.00,Sell
01/04/2022,16:41:11,META,250,14.79,Sell
01/04/2022,16:42:11,TSLA,250,1145.64,Sell
01/04/2022,16:43:11,MSFT,250,328.29,Sell
01/04/2022,16:44:11,TSLA,250,1144.26,Buy
01/04/2022,16:44:11,AMD,250,142.89,Buy
01/04/2022,16:44:11,MSFT,250,327.87,Buy
01/04/2022,16:45:10,META,250,14.79,Buy
01/04/2022,16:45:11,MSFT,250,328.61,Buy
01/04/2022,16:45:11,AMD,250,143.16,Sell
01/04/2022,16:46:11,AMZN,250,3351.90,Sell
01/04/2022,16:46:11,AAPL,250,180.11,Sell
01/04/2022,16:46:11,AMD,250,143.15,Buy
01/04/2022,16:47:07,META,250,14.81,Buy
01/04/2022,16:47:11,TSLA,250,1154.70,Sell
01/04/2022,16:47:11,AAPL,250,180.12,Sell
01/04/2022,16:48:11,GOOG,250,2899.01,Buy
01/04/2022,16:48:11,MSFT,250,328.75,Buy
01/04/2022,16:48:11,AAPL,250,180.17,Buy
01/04/2022,16:49:11,META,250,14.82,Sell
01/04/2022,16:50:11,GOOG,250,2901.17,Sell
01/04/2022,16:51:11,AMZN,250,3351.46,Buy
01/04/2022,16:51:11,GOOG,250,2901.17,Sell
01/04/2022,16:51:11,AAPL,250,180.01,Buy
01/04/2022,16:52:11,AMD,250,142.65,Sell
01/04/2022,16:52:11,TSLA,250,1151.36,Buy
01/04/2022,16:53:11,AMZN,250,3350.69,Sell
01/04/2022,16:53:11,AAPL,250,179.84,Sell
01/04/2022,16:54:11,TSLA,250,1150.77,Sell
01/04/2022,16:55:11,AMZN,250,3346.64,Sell
01/04/2022,16:55:11,AAPL,250,179.83,Buy
01/04/2022,16:55:11,TSLA,250,1151.82,Buy
01/04/2022,16:57:10,META,250,14.78,Buy
01/04/2022,16:58:11,GOOG,250,2895.90,Buy
01/04/2022,16:59:11,MSFT,250,328.06,Sell
01/04/2022,16:59:11,TSLA,250,1146.24,Sell
01/04/2022,16:59:11,AMD,250,142.27,Sell
01/04/2022,17:00:11,META,250,14.77,Sell
01/04/2022,17:00:11,MSFT,250,327.93,Sell
01/04/2022,17:01:11,AMD,250,142.44,Buy
01/04/2022,17:01:11,AMD,250,142.47,Sell
01/04/2022,17:02:10,AMZN,250,3342.55,Buy
01/04/2022,17:02:11,META,250,14.76,Sell
01/04/2022,17:02:11,TSLA,250,1143.51,Buy
01/04/2022,17:03:08,GOOG,250,2897.03,Sell
01/04/2022,17:03:10,META,250,14.75,Buy
01/04/2022,17:03:11,MSFT,250,327.45,Buy
01/04/2022,17:03:11,MSFT,250,327.46,Sell
01/04/2022,17:03:11,AMD,250,142.07,Buy
01/04/2022,17:03:11,AAPL,250,179.69,Sell
01/04/2022,17:04:11,AMD,250,142.02,Buy
01/04/2022,17:05:11,AMZN,250,3339.74,Buy
01/04/2022,17:05:11,AAPL,250,179.44,Buy
01/04/2022,17:06:11,AMZN,250,3339.13,Sell
01/04/2022,17:06:11,AAPL,250,179.30,Sell
01/04/2022,17:06:11,MSFT,250,326.79,Buy
01/04/2022,17:07:10,META,250,14.72,Buy
01/04/2022,17:07:11,MSFT,250,327.05,Buy
01/04/2022,17:07:11,GOOG,250,2897.06,Buy
01/04/2022,17:07:11,TSLA,250,1143.85,Sell
01/04/2022,17:07:11,AAPL,250,179.42,Buy
01/04/2022,17:10:11,AAPL,250,179.65,Sell
01/04/2022,17:10:11,TSLA,250,1144.39,Sell
01/04/2022,17:11:08,AMZN,250,3338.26,Buy
01/04/2022,17:11:11,AAPL,250,179.69,Buy
01/04/2022,17:12:02,META,250,14.76,Sell
01/04/2022,17:13:08,META,250,14.75,Buy
01/04/2022,17:13:09,GOOG,250,2900.97,Sell
01/04/2022,17:14:11,GOOG,250,2899.26,Buy
01/04/2022,17:15:11,TSLA,250,1151.10,Buy
01/04/2022,17:16:11,TSLA,250,1153.01,Buy
01/04/2022,17:16:11,AMD,250,143.07,Sell
01/04/2022,17:17:10,GOOG,250,2898.03,Buy
01/04/2022,17:17:11,AMZN,250,3343.45,Sell
01/04/2022,17:17:11,TSLA,250,1154.22,Sell
01/04/2022,17:18:07,META,250,14.78,Sell
01/04/2022,17:18:11,AMD,250,143.00,Buy
01/04/2022,17:18:11,AMD,250,143.02,Sell
01/04/2022,17:18:11,MSFT,250,327.70,Sell
01/04/2022,17:19:10,META,250,14.76,Buy
01/04/2022,17:19:11,AMD,250,142.86,Sell
01/04/2022,17:19:11,MSFT,250,327.64,Buy
01/04/2022,17:20:11,AMZN,250,3342.01,Buy
01/04/2022,17:20:11,AMZN,250,3342.99,Sell
01/04/2022,17:20:11,AAPL,250,180.10,Sell
01/04/2022,17:21:11,MSFT,250,328.02,Sell
01/04/2022,17:21:11,AMD,250,142.88,Buy
01/04/2022,17:21:11,AAPL,250,180.23,Buy
01/04/2022,17:22:04,GOOG,250,2901.40,Sell
01/04/2022,17:22:10,META,250,14.78,Sell
01/04/2022,17:22:11,MSFT,250,328.00,Sell
01/04/2022,17:22:11,AAPL,250,180.26,Sell
01/04/2022,17:25:10,AMZN,250,3340.01,Buy
01/04/2022,17:25:11,AAPL,250,180.26,Buy
01/04/2022,17:25:11,AMD,250,142.52,Buy
01/04/2022,17:25:45,META,250,14.75,Buy
01/04/2022,17:26:11,AMZN,250,3341.34,Sell
01/04/2022,17:26:11,AAPL,250,180.15,Sell
01/04/2022,17:27:11,MSFT,250,327.87,Buy
01/04/2022,17:27:11,TSLA,250,1151.50,Buy
01/04/2022,17:27:11,AAPL,250,180.23,Buy
01/04/2022,17:29:07,META,250,14.77,Sell
01/04/2022,17:29:11,GOOG,250,2898.22,Sell
01/04/2022,17:30:11,META,250,14.76,Buy
01/04/2022,17:30:11,TSLA,250,1156.33,Sell
01/04/2022,17:30:11,AMZN,250,3340.73,Buy
01/04/2022,17:31:11,MSFT,250,327.68,Buy
01/04/2022,17:31:11,TSLA,250,1154.40,Sell
01/04/2022,17:32:11,GOOG,250,2894.45,Buy
01/04/2022,17:32:11,GOOG,250,2896.02,Sell
01/04/2022,17:33:11,TSLA,250,1154.28,Buy
01/04/2022,17:33:11,AMD,250,142.48,Sell
01/04/2022,17:34:11,TSLA,250,1157.63,Buy
01/04/2022,17:34:11,META,250,14.76,Sell
01/04/2022,17:34:11,MSFT,250,327.65,Sell
01/04/2022,17:35:08,AMZN,250,3345.96,Sell
01/04/2022,17:36:02,GOOG,250,2891.81,Buy
01/04/2022,17:36:11,AMD,250,142.71,Sell
01/04/2022,17:36:11,AAPL,250,179.89,Sell
01/04/2022,17:37:11,MSFT,250,327.68,Buy
01/04/2022,17:37:11,AAPL,250,179.82,Buy
01/04/2022,17:37:11,AMD,250,142.71,Buy
01/04/2022,17:38:02,META,250,14.76,Buy
01/04/2022,17:39:11,AMD,250,142.65,Buy
01/04/2022,17:40:11,AMD,250,142.54,Sell
01/04/2022,17:40:11,AMZN,250,3344.69,Sell
01/04/2022,17:40:11,AAPL,250,179.77,Sell
01/04/2022,17:41:10,META,250,14.76,Sell
01/04/2022,17:41:10,GOOG,250,2889.00,Buy
01/04/2022,17:42:09,AMZN,250,3342.31,Buy
01/04/2022,17:42:11,AMD,250,142.20,Buy
01/04/2022,17:42:11,MSFT,250,327.38,Sell
01/04/2022,17:42:11,AAPL,250,179.60,Sell
01/04/2022,17:42:11,TSLA,250,1162.11,Sell
01/04/2022,17:43:01,META,250,14.75,Buy
01/04/2022,17:43:11,MSFT,250,327.36,Buy
01/04/2022,17:44:11,AMZN,250,3340.40,Buy
01/04/2022,17:44:11,AAPL,250,179.60,Buy
01/04/2022,17:45:07,META,250,14.76,Sell
01/04/2022,17:45:10,AMZN,250,3343.04,Sell
01/04/2022,17:45:11,TSLA,250,1160.10,Buy
01/04/2022,17:46:11,MSFT,250,327.93,Sell
01/04/2022,17:47:11,MSFT,250,327.60,Buy
01/04/2022,17:47:11,GOOG,250,2891.68,Sell
01/04/2022,17:47:11,AMZN,250,3341.00,Buy
01/04/2022,17:48:11,TSLA,250,1161.42,Sell
01/04/2022,17:48:11,AAPL,250,179.52,Buy
01/04/2022,17:49:11,TSLA,250,1159.79,Sell
01/04/2022,17:50:11,GOOG,250,2888.97,Buy
01/04/2022,17:50:11,TSLA,250,1159.98,Buy
01/04/2022,17:51:11,GOOG,250,2890.31,Sell
01/04/2022,17:52:10,META,250,14.75,Buy
01/04/2022,17:52:10,GOOG,250,2888.78,Buy
01/04/2022,17:52:11,AMD,250,141.75,Sell
01/04/2022,17:52:11,AAPL,250,179.48,Sell
01/04/2022,17:52:11,MSFT,250,327.73,Sell
01/04/2022,17:52:47,META,250,14.76,Sell
01/04/2022,17:53:11,AMD,250,141.80,Buy
01/04/2022,17:53:11,MSFT,250,327.65,Buy
01/04/2022,17:53:58,META,250,14.75,Buy
01/04/2022,17:54:08,AMD,250,141.73,Sell
01/04/2022,17:55:11,AAPL,250,179.38,Buy
01/04/2022,17:55:11,TSLA,250,1162.34,Buy
01/04/2022,17:56:10,GOOG,250,2886.31,Sell
01/04/2022,17:56:11,AMD,250,141.65,Buy
01/04/2022,17:57:11,AMZN,250,3340.47,Sell
01/04/2022,17:57:11,AMD,250,141.55,Sell
01/04/2022,17:58:05,META,250,14.74,Sell
01/04/2022,17:58:06,AMZN,250,3338.41,Buy
01/04/2022,17:58:11,MSFT,250,327.25,Sell
01/04/2022,17:59:11,MSFT,250,327.21,Buy
01/04/2022,17:59:11,AMZN,250,3339.53,Sell
01/04/2022,17:59:11,AMD,250,141.35,Buy
01/04/2022,17:59:11,AAPL,250,179.31,Sell
01/04/2022,18:00:11,GOOG,250,2884.99,Buy
01/04/2022,18:00:11,TSLA,250,1156.62,Sell
01/04/2022,18:01:11,AAPL,250,179.36,Buy
01/04/2022,18:01:11,TSLA,250,1157.03,Buy
01/04/2022,18:02:11,MSFT,250,327.55,Sell
01/04/2022,18:02:11,AMZN,250,3342.91,Sell
01/04/2022,18:03:11,AAPL,250,179.51,Sell
01/04/2022,18:04:11,AAPL,250,179.51,Buy
01/04/2022,18:04:11,MSFT,250,327.74,Buy
01/04/2022,18:05:10,GOOG,250,2887.16,Sell
01/04/2022,18:05:11,TSLA,250,1161.46,Sell
01/04/2022,18:05:55,GOOG,250,2886.00,Buy
01/04/2022,18:06:08,META,250,14.73,Buy
01/04/2022,18:06:10,AMZN,250,3340.54,Buy
01/04/2022,18:07:02,META,250,14.74,Sell
01/04/2022,18:07:09,AMZN,250,3340.62,Buy
01/04/2022,18:07:11,GOOG,250,2886.15,Sell
01/04/2022,18:08:11,GOOG,250,2887.02,Buy
01/04/2022,18:08:11,MSFT,250,328.33,Sell
01/04/2022,18:08:11,AMD,250,141.96,Sell
01/04/2022,18:09:09,META,250,14.75,Sell
01/04/2022,18:10:10,META,250,14.74,Buy
01/04/2022,18:10:11,TSLA,250,1163.40,Sell
01/04/2022,18:10:11,AAPL,250,179.70,Sell
01/04/2022,18:10:11,AMD,250,141.84,Buy
01/04/2022,18:11:11,AMD,250,141.83,Sell
01/04/2022,18:11:11,AAPL,250,179.69,Buy
01/04/2022,18:12:09,META,250,14.74,Buy
01/04/2022,18:12:11,MSFT,250,328.02,Buy
01/04/2022,18:13:11,TSLA,250,1163.01,Buy
01/04/2022,18:13:11,AMZN,250,3339.44,Sell
01/04/2022,18:14:11,AMD,250,141.62,Buy
01/04/2022,18:14:11,AMD,250,141.64,Sell
01/04/2022,18:14:11,TSLA,250,1165.34,Buy
01/04/2022,18:14:11,MSFT,250,327.95,Sell
01/04/2022,18:15:07,GOOG,250,2886.07,Sell
01/04/2022,18:16:11,TSLA,250,1162.70,Sell
01/04/2022,18:16:11,AAPL,250,179.52,Sell
01/04/2022,18:16:11,AMD,250,141.42,Buy
01/04/2022,18:17:11,TSLA,250,1163.38,Buy
01/04/2022,18:17:11,AAPL,250,179.52,Buy
01/04/2022,18:18:11,AMZN,250,3335.00,Buy
01/04/2022,18:18:11,MSFT,250,327.77,Buy
01/04/2022,18:19:06,GOOG,250,2884.00,Buy
01/04/2022,18:19:11,MSFT,250,327.74,Sell
01/04/2022,18:19:11,AAPL,250,179.52,Sell
01/04/2022,18:21:06,META,250,14.74,Sell
01/04/2022,18:21:11,AMZN,250,3334.44,Sell
01/04/2022,18:21:11,GOOG,250,2883.26,Sell
01/04/2022,18:21:11,MSFT,250,327.85,Buy
01/04/2022,18:21:11,AAPL,250,179.54,Buy
01/04/2022,18:22:00,META,250,14.73,Buy
01/04/2022,18:22:11,AMZN,250,3334.01,Sell
01/04/2022,18:22:11,GOOG,250,2881.22,Buy
01/04/2022,18:23:08,GOOG,250,2880.16,Sell
01/04/2022,18:25:10,META,250,14.74,Sell
01/04/2022,18:25:11,AMD,250,141.74,Sell
01/04/2022,18:25:11,AMZN,250,3332.80,Buy
01/04/2022,18:26:11,AAPL,250,179.91,Sell
01/04/2022,18:27:08,META,250,14.77,Sell
01/04/2022,18:27:09,GOOG,250,2883.64,Buy
01/04/2022,18:27:11,AMZN,250,3334.31,Buy
01/04/2022,18:27:11,MSFT,250,328.08,Sell
01/04/2022,18:27:11,AAPL,250,179.79,Buy
01/04/2022,18:28:10,TSLA,250,1160.81,Sell
01/04/2022,18:28:11,AMD,250,141.99,Buy
01/04/2022,18:29:11,TSLA,250,1160.11,Buy
01/04/2022,18:29:11,TSLA,250,1160.87,Sell
01/04/2022,18:29:11,MSFT,250,327.81,Buy
01/04/2022,18:29:11,AMD,250,142.02,Sell
01/04/2022,18:30:11,META,250,14.75,Buy
01/04/2022,18:31:11,AMD,250,141.61,Sell
01/04/2022,18:32:11,TSLA,250,1156.25,Buy
01/04/2022,18:32:11,TSLA,250,1156.83,Sell
01/04/2022,18:32:11,AAPL,250,179.46,Sell
01/04/2022,18:32:11,AMD,250,141.74,Buy
01/04/2022,18:33:10,AMZN,250,3335.99,Sell
01/04/2022,18:33:11,MSFT,250,327.30,Sell
01/04/2022,18:33:11,AMD,250,141.60,Buy
01/04/2022,18:34:09,AMZN,250,3332.11,Buy
01/04/2022,18:34:10,GOOG,250,2883.27,Sell
01/04/2022,18:34:11,AAPL,250,179.40,Buy
01/04/2022,18:34:11,TSLA,250,1151.57,Buy
01/04/2022,18:35:10,META,250,14.73,Buy
01/04/2022,18:36:11,AAPL,250,179.40,Sell
01/04/2022,18:36:11,MSFT,250,327.18,Buy
01/04/2022,18:36:11,MSFT,250,327.20,Sell
01/04/2022,18:37:07,GOOG,250,2882.10,Sell
01/04/2022,18:37:08,META,250,14.73,Sell
01/04/2022,18:38:10,META,250,14.73,Buy
01/04/2022,18:38:11,GOOG,250,2881.00,Buy
01/04/2022,18:39:11,AAPL,250,179.42,Buy
01/04/2022,18:40:10,AMZN,250,3334.67,Sell
01/04/2022,18:40:11,MSFT,250,327.26,Buy
01/04/2022,18:40:11,GOOG,250,2881.93,Buy
01/04/2022,18:42:11,GOOG,250,2882.13,Sell
01/04/2022,18:42:11,AMZN,250,3337.26,Sell
01/04/2022,18:42:11,AAPL,250,179.47,Sell
01/04/2022,18:43:11,AMD,250,142.04,Sell
01/04/2022,18:43:11,AAPL,250,179.48,Buy
01/04/2022,18:44:11,MSFT,250,327.41,Sell
01/04/2022,18:44:11,TSLA,250,1154.28,Sell
01/04/2022,18:44:11,AMZN,250,3337.00,Buy
01/04/2022,18:45:11,META,250,14.75,Sell
01/04/2022,18:45:11,AMD,250,142.12,Buy
01/04/2022,18:45:11,MSFT,250,327.44,Buy
01/04/2022,18:46:11,AMZN,250,3337.33,Buy
01/04/2022,18:46:24,META,250,14.74,Buy
01/04/2022,18:47:11,AMD,250,141.83,Sell
01/04/2022,18:47:11,TSLA,250,1152.82,Sell
01/04/2022,18:48:11,AMD,250,141.81,Sell
01/04/2022,18:49:11,TSLA,250,1149.34,Buy
01/04/2022,18:49:11,TSLA,250,1149.79,Sell
01/04/2022,18:49:11,AMZN,250,3339.10,Sell
01/04/2022,18:49:11,AAPL,250,179.61,Sell
01/04/2022,18:50:10,META,250,14.74,Sell
01/04/2022,18:50:11,AMZN,250,3336.81,Buy
01/04/2022,18:50:11,AMD,250,141.62,Buy
01/04/2022,18:51:11,MSFT,250,327.06,Sell
01/04/2022,18:51:57,META,250,14.72,Buy
01/04/2022,18:52:11,AMD,250,141.27,Buy
01/04/2022,18:52:11,TSLA,250,1148.27,Buy
01/04/2022,18:53:09,META,250,14.73,Sell
01/04/2022,18:53:11,AAPL,250,179.65,Buy
01/04/2022,18:53:11,GOOG,250,2880.87,Sell
01/04/2022,18:53:11,TSLA,250,1148.11,Buy
01/04/2022,18:53:11,MSFT,250,326.97,Buy
01/04/2022,18:54:10,AAPL,250,179.61,Sell
01/04/2022,18:55:11,MSFT,250,326.82,Sell
01/04/2022,18:55:11,AAPL,250,179.59,Buy
01/04/2022,18:55:11,GOOG,250,2880.26,Sell
01/04/2022,18:57:11,META,250,14.70,Buy
01/04/2022,18:58:10,MSFT,250,326.71,Buy
01/04/2022,18:58:11,AAPL,250,179.52,Sell
01/04/2022,18:59:11,AMZN,250,3331.12,Sell
01/04/2022,19:00:11,MSFT,250,326.62,Sell
01/04/2022,19:00:11,AMD,250,141.00,Sell
01/04/2022,19:01:11,MSFT,250,326.95,Buy
01/04/2022,19:01:11,AMZN,250,3335.44,Sell
01/04/2022,19:02:11,GOOG,250,2877.79,Buy
01/04/2022,19:02:11,META,250,14.71,Sell
01/04/2022,19:02:11,AMZN,250,3332.71,Buy
01/04/2022,19:02:11,AAPL,250,179.54,Buy
01/04/2022,19:03:11,AMZN,250,3332.81,Buy
01/04/2022,19:04:11,TSLA,250,1142.39,Sell
01/04/2022,19:05:11,AMZN,250,3333.50,Sell
01/04/2022,19:05:11,AMD,250,141.27,Sell
01/04/2022,19:06:10,META,250,14.72,Buy
01/04/2022,19:07:10,GOOG,250,2881.03,Buy
01/04/2022,19:07:11,META,250,14.73,Sell
01/04/2022,19:07:11,AMZN,250,3333.33,Buy
01/04/2022,19:07:11,TSLA,250,1144.00,Sell
01/04/2022,19:07:11,AMD,250,141.34,Buy
01/04/2022,19:07:11,AMD,250,141.36,Sell
01/04/2022,19:08:02,META,250,14.72,Buy
01/04/2022,19:08:11,AAPL,250,179.62,Sell
01/04/2022,19:08:11,TSLA,250,1142.10,Buy
01/04/2022,19:08:11,TSLA,250,1142.35,Sell
01/04/2022,19:08:11,MSFT,250,326.54,Sell
01/04/2022,19:10:11,AAPL,250,179.57,Sell
01/04/2022,19:10:11,AMD,250,141.25,Buy
01/04/2022,19:11:11,MSFT,250,326.44,Buy
01/04/2022,19:11:11,AAPL,250,179.55,Buy
01/04/2022,19:12:11,META,250,14.72,Sell
01/04/2022,19:12:11,AMD,250,141.38,Buy
01/04/2022,19:13:11,MSFT,250,326.47,Sell
01/04/2022,19:14:11,MSFT,250,326.49,Buy
01/04/2022,19:15:11,AAPL,250,179.55,Buy
01/04/2022,19:16:11,TSLA,250,1142.59,Buy
01/04/2022,19:16:11,MSFT,250,326.78,Sell
01/04/2022,19:17:08,GOOG,250,2886.74,Sell
01/04/2022,19:17:11,MSFT,250,326.78,Buy
01/04/2022,19:17:11,AAPL,250,179.56,Sell
01/04/2022,19:17:11,AMZN,250,3338.83,Sell
01/04/2022,19:18:11,AMZN,250,3336.00,Buy
01/04/2022,19:18:11,AMZN,250,3338.63,Sell
01/04/2022,19:18:46,META,250,14.75,Buy
01/04/2022,19:19:11,TSLA,250,1146.07,Buy
01/04/2022,19:20:11,GOOG,250,2881.23,Buy
01/04/2022,19:20:11,AAPL,250,179.54,Buy
01/04/2022,19:21:07,META,250,14.77,Sell
01/04/2022,19:22:09,AMD,250,141.75,Sell
01/04/2022,19:22:10,GOOG,250,2881.81,Sell
01/04/2022,19:22:11,AMZN,250,3337.60,Sell
01/04/2022,19:23:05,META,250,14.75,Buy
01/04/2022,19:23:05,META,250,14.76,Sell
01/04/2022,19:23:10,AMZN,250,3336.69,Buy
01/04/2022,19:23:10,TSLA,250,1142.46,Sell
01/04/2022,19:25:08,META,250,14.74,Buy
01/04/2022,19:25:11,AMD,250,141.81,Sell
01/04/2022,19:26:09,AMZN,250,3334.97,Buy
01/04/2022,19:26:11,MSFT,250,326.45,Sell
01/04/2022,19:26:11,AAPL,250,179.42,Sell
01/04/2022,19:26:11,AMD,250,141.80,Buy
01/04/2022,19:27:11,AMD,250,141.81,Sell
01/04/2022,19:28:11,TSLA,250,1140.46,Buy
01/04/2022,19:28:11,AAPL,250,179.44,Buy
01/04/2022,19:28:11,MSFT,250,326.57,Buy
01/04/2022,19:29:11,MSFT,250,326.51,Sell
01/04/2022,19:30:11,AAPL,250,179.51,Sell
01/04/2022,19:31:11,TSLA,250,1143.69,Sell
01/04/2022,19:32:11,GOOG,250,2884.05,Buy
01/04/2022,19:32:11,MSFT,250,327.22,Sell
01/04/2022,19:33:11,AMZN,250,3339.48,Sell
01/04/2022,19:34:11,META,250,14.77,Sell
01/04/2022,19:34:11,TSLA,250,1144.67,Buy
01/04/2022,19:34:11,TSLA,250,1145.08,Sell
01/04/2022,19:34:11,AMZN,250,3337.44,Buy
01/04/2022,19:34:11,AMD,250,141.91,Buy
01/04/2022,19:34:31,META,250,14.75,Buy
01/04/2022,19:35:05,GOOG,250,2885.37,Sell
01/04/2022,19:35:11,TSLA,250,1144.59,Buy
01/04/2022,19:35:11,AAPL,250,179.84,Buy
01/04/2022,19:35:11,AAPL,250,179.85,Sell
01/04/2022,19:36:11,AMD,250,141.94,Buy
01/04/2022,19:38:07,AMZN,250,3339.07,Sell
01/04/2022,19:38:11,META,250,14.77,Sell
01/04/2022,19:39:00,GOOG,250,2881.82,Buy
01/04/2022,19:39:11,AMZN,250,3337.95,Buy
01/04/2022,19:40:11,META,250,14.76,Buy
01/04/2022,19:40:11,META,250,14.77,Sell
01/04/2022,19:40:11,MSFT,250,327.02,Buy
01/04/2022,19:40:11,AAPL,250,179.71,Buy
01/04/2022,19:41:11,META,250,14.78,Buy
01/04/2022,19:41:11,AMZN,250,3342.00,Sell
01/04/2022,19:41:11,AMD,250,142.50,Sell
01/04/2022,19:43:11,MSFT,250,327.28,Sell
01/04/2022,19:43:11,AMD,250,142.51,Buy
01/04/2022,19:43:11,TSLA,250,1151.97,Sell
01/04/2022,19:43:11,AAPL,250,179.75,Sell
01/04/2022,19:44:11,AMZN,250,3341.64,Buy
01/04/2022,19:44:11,AAPL,250,179.83,Buy
01/04/2022,19:45:11,MSFT,250,327.32,Buy
01/04/2022,19:46:11,TSLA,250,1151.28,Buy
01/04/2022,19:47:11,GOOG,250,2889.77,Sell
01/04/2022,19:48:11,MSFT,250,327.48,Buy
01/04/2022,19:49:11,TSLA,250,1149.72,Sell
01/04/2022,19:49:11,AMD,250,141.93,Sell
01/04/2022,19:49:11,AMZN,250,3342.65,Sell
01/04/2022,19:50:06,META,250,14.79,Sell
01/04/2022,19:50:11,TSLA,250,1149.47,Sell
01/04/2022,19:50:11,AAPL,250,179.99,Sell
01/04/2022,19:51:11,AMD,250,141.98,Sell
01/04/2022,19:51:11,AAPL,250,179.90,Buy
01/04/2022,19:52:11,AMD,250,142.03,Buy
01/04/2022,19:53:11,META,250,14.78,Buy
01/04/2022,19:53:11,TSLA,250,1146.63,Buy
01/04/2022,19:54:03,GOOG,250,2891.98,Sell
01/04/2022,19:54:11,AMZN,250,3341.99,Sell
01/04/2022,19:54:11,TSLA,250,1146.20,Buy
01/04/2022,19:55:11,META,250,14.80,Sell
01/04/2022,19:55:11,AMD,250,142.04,Buy
01/04/2022,19:55:11,AAPL,250,179.96,Sell
01/04/2022,19:55:11,MSFT,250,327.92,Sell
01/04/2022,19:56:10,META,250,14.80,Sell
01/04/2022,19:56:11,AAPL,250,180.02,Buy
01/04/2022,19:57:05,META,250,14.79,Buy
01/04/2022,19:58:11,MSFT,250,327.76,Buy
01/04/2022,19:58:11,AMD,250,142.12,Sell
01/04/2022,19:59:09,AMZN,250,3339.12,Sell
01/04/2022,19:59:09,META,250,14.80,Buy
01/04/2022,19:59:11,GOOG,250,2890.42,Buy
01/04/2022,19:59:11,AAPL,250,180.02,Sell
01/04/2022,20:00:11,MSFT,250,327.80,Sell
01/04/2022,20:00:11,AMD,250,142.11,Buy
01/04/2022,20:01:11,AAPL,250,180.00,Buy
01/04/2022,20:01:11,TSLA,250,1147.20,Sell
01/04/2022,20:03:11,MSFT,250,327.85,Buy
01/04/2022,20:03:11,MSFT,250,327.86,Sell
01/04/2022,20:03:11,TSLA,250,1146.54,Buy
01/04/2022,20:05:11,MSFT,250,328.03,Buy
01/04/2022,20:06:11,AAPL,250,180.09,Sell
01/04/2022,20:07:10,AMZN,250,3343.00,Buy
01/04/2022,20:07:11,AAPL,250,180.10,Buy
01/04/2022,20:07:11,AMD,250,142.39,Sell
01/04/2022,20:08:11,META,250,14.83,Sell
01/04/2022,20:08:11,AMZN,250,3343.63,Buy
01/04/2022,20:08:11,TSLA,250,1148.11,Sell
01/04/2022,20:09:10,TSLA,250,1146.52,Sell
01/04/2022,20:09:11,META,250,14.82,Buy
01/04/2022,20:10:11,GOOG,250,2893.76,Buy
01/04/2022,20:10:11,AMD,250,142.61,Buy
01/04/2022,20:10:11,AMD,250,142.63,Sell
01/04/2022,20:11:11,AAPL,250,180.35,Sell
01/04/2022,20:11:11,GOOG,250,2895.54,Buy
01/04/2022,20:11:11,TSLA,250,1147.68,Buy
01/04/2022,20:12:06,META,250,14.85,Sell
01/04/2022,20:12:11,TSLA,250,1146.32,Buy
01/04/2022,20:12:11,AAPL,250,180.42,Buy
01/04/2022,20:13:09,META,250,14.84,Buy
01/04/2022,20:13:10,AMD,250,142.82,Buy
01/04/2022,20:13:10,MSFT,250,328.70,Sell
01/04/2022,20:14:09,GOOG,250,2895.74,Sell
01/04/2022,20:14:11,META,250,14.85,Sell
01/04/2022,20:14:11,MSFT,250,328.83,Buy
01/04/2022,20:15:09,GOOG,250,2895.32,Buy
01/04/2022,20:15:11,META,250,14.85,Buy
01/04/2022,20:15:11,AMD,250,143.03,Sell
01/04/2022,20:16:11,AAPL,250,180.30,Sell
01/04/2022,20:18:09,AMZN,250,3347.60,Buy
01/04/2022,20:18:11,TSLA,250,1145.30,Sell
01/04/2022,20:18:11,AAPL,250,180.12,Buy
01/04/2022,20:18:11,MSFT,250,328.94,Sell
01/04/2022,20:19:11,AMD,250,143.43,Buy
01/04/2022,20:19:11,MSFT,250,328.98,Buy
01/04/2022,20:20:11,MSFT,250,329.06,Sell
01/04/2022,20:22:10,AMZN,250,3352.98,Sell
01/04/2022,20:22:11,MSFT,250,329.09,Buy
01/04/2022,20:22:11,AAPL,250,180.05,Sell
01/04/2022,20:23:11,AMZN,250,3351.01,Buy
01/04/2022,20:23:11,AMZN,250,3353.40,Sell
01/04/2022,20:23:11,TSLA,250,1148.47,Buy
01/04/2022,20:24:02,META,250,14.88,Sell
01/04/2022,20:25:11,AMD,250,143.39,Sell
01/04/2022,20:25:11,AAPL,250,180.11,Buy
01/04/2022,20:25:11,GOOG,250,2895.50,Sell
01/04/2022,20:26:09,GOOG,250,2895.50,Sell
01/04/2022,20:26:11,TSLA,250,1146.65,Sell
01/04/2022,20:27:11,AMD,250,143.37,Buy
01/04/2022,20:27:11,AAPL,250,180.13,Sell
01/04/2022,20:27:11,TSLA,250,1147.36,Sell
01/04/2022,20:28:09,META,250,14.88,Sell
01/04/2022,20:28:11,AAPL,250,180.11,Buy
01/04/2022,20:28:11,AMZN,250,3351.73,Buy
01/04/2022,20:28:11,AMD,250,143.53,Sell
01/04/2022,20:29:11,MSFT,250,329.50,Sell
01/04/2022,20:29:11,GOOG,250,2894.92,Buy
01/04/2022,20:30:08,META,250,14.90,Sell
01/04/2022,20:30:11,GOOG,250,2896.08,Sell
01/04/2022,20:31:11,TSLA,250,1150.92,Buy
01/04/2022,20:31:11,AMD,250,143.72,Buy
01/04/2022,20:32:11,TSLA,250,1151.01,Buy
01/04/2022,20:33:11,GOOG,250,2893.38,Buy
01/04/2022,20:33:11,AMZN,250,3349.04,Sell
01/04/2022,20:33:11,MSFT,250,329.50,Buy
01/04/2022,20:33:11,AAPL,250,180.03,Sell
01/04/2022,20:34:11,MSFT,250,329.36,Sell
01/04/2022,20:34:11,AMD,250,143.97,Sell
01/04/2022,20:35:10,AMZN,250,3348.00,Buy
01/04/2022,20:35:11,AAPL,250,179.97,Buy
01/04/2022,20:36:03,META,250,14.88,Buy
01/04/2022,20:36:10,GOOG,250,2894.92,Buy
01/04/2022,20:36:11,AMD,250,143.78,Buy
01/04/2022,20:36:11,MSFT,250,329.33,Buy
01/04/2022,20:37:11,MSFT,250,329.19,Sell
01/04/2022,20:38:11,AMZN,250,3350.74,Sell
01/04/2022,20:38:11,MSFT,250,329.16,Buy
01/04/2022,20:38:11,TSLA,250,1151.00,Sell
01/04/2022,20:39:10,AMZN,250,3348.22,Buy
01/04/2022,20:40:11,TSLA,250,1150.52,Buy
01/04/2022,20:40:11,AAPL,250,180.03,Sell
01/04/2022,20:42:11,META,250,14.90,Buy
01/04/2022,20:42:11,AMD,250,144.09,Sell
01/04/2022,20:43:08,META,250,14.91,Buy
01/04/2022,20:43:11,AMZN,250,3351.70,Sell
01/04/2022,20:43:11,AMD,250,144.14,Buy
01/04/2022,20:43:11,AAPL,250,180.01,Sell
01/04/2022,20:44:11,GOOG,250,2898.75,Sell
01/04/2022,20:44:11,AAPL,250,180.00,Buy
01/04/2022,20:46:11,AMZN,250,3352.14,Buy
01/04/2022,20:46:11,TSLA,250,1150.95,Sell
01/04/2022,20:46:11,AMD,250,144.13,Sell
01/04/2022,20:47:11,AAPL,250,180.17,Buy
01/04/2022,20:47:11,TSLA,250,1150.47,Buy
01/04/2022,20:47:11,TSLA,250,1151.00,Sell
01/04/2022,20:48:11,GOOG,250,2896.96,Buy
01/04/2022,20:48:11,GOOG,250,2899.58,Sell
01/04/2022,20:48:11,MSFT,250,329.79,Sell
01/04/2022,20:50:11,AAPL,250,180.40,Sell
01/04/2022,20:50:11,AMZN,250,3361.40,Sell
01/04/2022,20:51:10,META,250,14.95,Sell
01/04/2022,20:51:11,AAPL,250,180.27,Buy
01/04/2022,20:51:11,AMD,250,144.52,Sell
01/04/2022,20:51:11,MSFT,250,329.87,Buy
01/04/2022,20:51:11,MSFT,250,329.90,Sell
01/04/2022,20:51:11,GOOG,250,2900.65,Sell
01/04/2022,20:52:09,GOOG,250,2896.36,Buy
01/04/2022,20:52:11,META,250,14.93,Buy
01/04/2022,20:53:11,MSFT,250,329.60,Sell
01/04/2022,20:53:11,AMZN,250,3358.09,Buy
01/04/2022,20:53:11,AMD,250,144.65,Buy
01/04/2022,20:54:10,AMZN,250,3359.00,Sell
01/04/2022,20:54:11,MSFT,250,329.71,Buy
01/04/2022,20:54:11,AMD,250,144.62,Buy
01/04/2022,20:55:11,TSLA,250,1152.21,Sell
01/04/2022,20:56:11,GOOG,250,2890.16,Buy
01/04/2022,20:56:11,TSLA,250,1152.26,Buy
01/04/2022,20:56:11,AMZN,250,3353.93,Buy
01/04/2022,20:57:04,META,250,14.92,Sell
01/04/2022,20:57:11,TSLA,250,1151.86,Buy
01/04/2022,20:58:11,MSFT,250,329.48,Buy
01/04/2022,20:58:11,META,250,14.91,Buy
01/04/2022,20:58:11,META,250,14.92,Sell
01/04/2022,20:58:11,AMD,250,144.58,Sell
01/04/2022,20:59:11,AAPL,250,179.94,Sell
01/04/2022,21:01:00,AMZN,250,3350.44,Sell
01/04/2022,21:02:00,AAPL,250,179.60,Sell
01/04/2022,21:02:11,TSLA,250,1147.00,Sell
01/04/2022,21:02:16,GOOG,250,2898.88,Sell
01/04/2022,21:04:04,META,250,14.94,Sell
01/04/2022,21:04:04,META,250,14.94,Sell
01/04/2022,21:04:36,GOOG,250,2888.33,Sell
01/04/2022,21:05:42,MSFT,250,328.85,Sell
01/04/2022,21:05:42,MSFT,250,328.85,Sell
01/04/2022,21:05:42,MSFT,250,328.85,Sell
01/04/2022,21:06:08,AAPL,250,179.67,Sell
01/04/2022,21:06:12,AMZN,250,3346.00,Sell
01/04/2022,21:08:01,AMD,250,144.40,Sell
01/04/2022,21:09:10,AMD,250,144.39,Sell
01/04/2022,21:09:45,GOOG,250,2888.33,Sell
01/04/2022,21:10:31,AMZN,250,3345.70,Sell
01/04/2022,21:11:07,TSLA,250,1147.99,Sell
01/04/2022,21:12:00,TSLA,250,1147.39,Sell
01/05/2022,14:30:11,AMD,250,142.53,Buy
01/05/2022,14:31:11,TSLA,250,1151.94,Buy
01/05/2022,14:31:11,AAPL,250,179.92,Buy
01/05/2022,14:32:11,AAPL,250,179.21,Buy
01/05/2022,14:32:11,MSFT,250,323.61,Buy
01/05/2022,14:33:11,GOOG,250,2872.67,Buy
01/05/2022,14:34:11,META,250,14.67,Buy
01/05/2022,14:34:11,TSLA,250,1135.62,Buy
01/05/2022,14:34:11,AAPL,250,179.01,Buy
01/05/2022,14:35:11,AMZN,250,3301.00,Buy
01/05/2022,14:36:11,TSLA,250,1134.65,Buy
01/05/2022,14:36:11,AMZN,250,3303.03,Buy
01/05/2022,14:37:11,AMD,250,142.05,Buy
01/05/2022,14:38:11,GOOG,250,2873.13,Buy
01/05/2022,14:39:11,META,250,14.75,Buy
01/05/2022,14:40:11,AMZN,250,3325.68,Buy
01/05/2022,14:41:11,META,250,14.80,Buy
01/05/2022,14:41:11,MSFT,250,322.83,Buy
01/05/2022,14:41:11,AMD,250,142.89,Buy
01/05/2022,14:42:11,GOOG,250,2872.14,Buy
01/05/2022,14:42:11,MSFT,250,322.46,Buy
01/05/2022,14:45:11,AMD,250,141.97,Sell
01/05/2022,14:46:11,AAPL,250,178.59,Sell
01/05/2022,14:46:11,AMD,250,142.12,Buy
01/05/2022,14:46:11,TSLA,250,1156.99,Sell
01/05/2022,14:47:11,TSLA,250,1154.48,Buy
01/05/2022,14:47:11,MSFT,250,321.91,Sell
01/05/2022,14:47:11,AAPL,250,178.31,Buy
01/05/2022,14:47:11,AAPL,250,178.33,Sell
01/05/2022,14:48:11,GOOG,250,2868.74,Sell
01/05/2022,14:49:11,META,250,14.80,Sell
01/05/2022,14:49:11,TSLA,250,1153.88,Sell
01/05/2022,14:49:11,AAPL,250,178.21,Sell
01/05/2022,14:50:11,AMZN,250,3315.34,Sell
01/05/2022,14:50:11,GOOG,250,2865.84,Buy
01/05/2022,14:51:11,AMZN,250,3322.99,Sell
01/05/2022,14:51:11,TSLA,250,1156.68,Sell
01/05/2022,14:51:11,MSFT,250,322.31,Buy
01/05/2022,14:51:11,AAPL,250,178.41,Buy
01/05/2022,14:52:11,AMZN,250,3324.52,Buy
01/05/2022,14:52:11,AMD,250,142.56,Sell
01/05/2022,14:52:11,AAPL,250,178.64,Buy
01/05/2022,14:53:09,GOOG,250,2866.50,Sell
01/05/2022,14:53:11,AMZN,250,3328.60,Buy
01/05/2022,14:53:11,TSLA,250,1158.12,Buy
01/05/2022,14:54:11,META,250,14.84,Sell
01/05/2022,14:54:11,AMD,250,143.26,Buy
01/05/2022,14:55:11,AMZN,250,3328.98,Sell
01/05/2022,14:55:11,GOOG,250,2861.85,Buy
01/05/2022,14:56:11,META,250,14.83,Buy
01/05/2022,14:56:11,META,250,14.84,Sell
01/05/2022,14:56:11,TSLA,250,1155.08,Buy
01/05/2022,14:56:11,MSFT,250,323.01,Sell
01/05/2022,14:56:11,AMD,250,143.38,Sell
01/05/2022,14:57:09,GOOG,250,2863.60,Sell
01/05/2022,14:57:11,MSFT,250,323.07,Sell
01/05/2022,14:58:11,AMZN,250,3324.78,Buy
01/05/2022,14:58:11,GOOG,250,2861.54,Buy
01/05/2022,14:59:08,META,250,14.81,Buy
01/05/2022,14:59:11,AMD,250,143.14,Buy
01/05/2022,15:00:11,META,250,14.80,Buy
01/05/2022,15:00:11,MSFT,250,322.85,Buy
01/05/2022,15:01:11,AMD,250,143.44,Sell
01/05/2022,15:01:11,MSFT,250,323.20,Buy
01/05/2022,15:02:11,TSLA,250,1167.92,Sell
01/05/2022,15:02:11,AAPL,250,179.39,Sell
01/05/2022,15:03:11,AMD,250,143.07,Buy
01/05/2022,15:03:11,TSLA,250,1165.62,Buy
01/05/2022,15:04:11,AAPL,250,179.25,Buy
01/05/2022,15:05:11,GOOG,250,2858.70,Sell
01/05/2022,15:06:11,AAPL,250,179.24,Sell
01/05/2022,15:06:11,MSFT,250,322.87,Sell
01/05/2022,15:07:11,AMZN,250,3331.98,Sell
01/05/2022,15:07:11,AAPL,250,179.11,Sell
01/05/2022,15:08:11,AMZN,250,3331.32,Buy
01/05/2022,15:08:11,AMZN,250,3334.66,Sell
01/05/2022,15:08:11,TSLA,250,1166.91,Sell
01/05/2022,15:09:11,MSFT,250,322.94,Buy
01/05/2022,15:09:11,AMD,250,142.96,Sell
01/05/2022,15:09:11,AMZN,250,3330.01,Buy
01/05/2022,15:10:11,GOOG,250,2855.33,Sell
01/05/2022,15:11:11,META,250,14.78,Sell
01/05/2022,15:11:11,TSLA,250,1164.69,Sell
01/05/2022,15:12:11,META,250,14.79,Buy
01/05/2022,15:12:11,TSLA,250,1164.50,Buy
01/05/2022,15:12:11,AMD,250,142.63,Buy
01/05/2022,15:13:10,AMZN,250,3332.05,Sell
01/05/2022,15:13:11,GOOG,250,2850.03,Buy
01/05/2022,15:13:11,GOOG,250,2852.46,Sell
01/05/2022,15:13:11,AAPL,250,178.82,Buy
01/05/2022,15:14:10,META,250,14.78,Sell
01/05/2022,15:14:10,GOOG,250,2850.00,Buy
01/05/2022,15:14:11,AMD,250,142.44,Sell
01/05/2022,15:14:11,AMZN,250,3326.05,Buy
01/05/2022,15:15:11,MSFT,250,322.90,Sell
01/05/2022,15:15:11,META,250,14.77,Buy
01/05/2022,15:15:11,META,250,14.78,Sell
01/05/2022,15:16:11,AMD,250,142.10,Buy
01/05/2022,15:16:11,MSFT,250,322.41,Buy
01/05/2022,15:16:11,MSFT,250,322.45,Sell
01/05/2022,15:18:11,AMD,250,141.84,Sell
01/05/2022,15:18:11,GOOG,250,2850.12,Buy
01/05/2022,15:18:11,META,250,14.73,Buy
01/05/2022,15:18:11,TSLA,250,1156.84,Sell
01/05/2022,15:19:11,TSLA,250,1154.80,Buy
01/05/2022,15:19:11,MSFT,250,322.04,Buy
01/05/2022,15:19:11,AAPL,250,178.16,Buy
01/05/2022,15:19:11,AAPL,250,178.18,Sell
01/05/2022,15:20:11,AMD,250,141.97,Buy
01/05/2022,15:22:11,TSLA,250,1156.39,Buy
01/05/2022,15:23:11,AMZN,250,3333.99,Sell
01/05/2022,15:24:10,AMZN,250,3330.93,Sell
01/05/2022,15:24:11,MSFT,250,322.05,Sell
01/05/2022,15:25:11,MSFT,250,322.45,Buy
01/05/2022,15:25:11,AMZN,250,3330.01,Buy
01/05/2022,15:27:11,TSLA,250,1163.53,Sell
01/05/2022,15:27:11,META,250,14.80,Sell
01/05/2022,15:27:11,AMZN,250,3338.80,Buy
01/05/2022,15:27:11,AMD,250,142.51,Sell
01/05/2022,15:28:11,TSLA,250,1161.45,Buy
01/05/2022,15:28:11,GOOG,250,2856.86,Sell
01/05/2022,15:28:11,META,250,14.78,Buy
01/05/2022,15:28:11,AAPL,250,178.81,Sell
01/05/2022,15:29:11,GOOG,250,2853.86,Buy
01/05/2022,15:29:11,GOOG,250,2855.22,Sell
01/05/2022,15:29:11,AMZN,250,3337.96,Sell
01/05/2022,15:30:10,META,250,14.77,Sell
01/05/2022,15:30:11,AMZN,250,3336.06,Buy
01/05/2022,15:31:09,META,250,14.75,Buy
01/05/2022,15:31:11,AAPL,250,178.86,Buy
01/05/2022,15:31:11,MSFT,250,322.75,Sell
01/05/2022,15:31:11,AMD,250,141.49,Sell
01/05/2022,15:32:11,GOOG,250,2850.02,Buy
01/05/2022,15:33:10,META,250,14.74,Sell
01/05/2022,15:33:11,GOOG,250,2852.03,Sell
01/05/2022,15:33:11,MSFT,250,322.39,Buy
01/05/2022,15:33:11,AMD,250,140.95,Buy
01/05/2022,15:34:11,GOOG,250,2851.68,Buy
01/05/2022,15:34:11,TSLA,250,1148.36,Sell
01/05/2022,15:34:11,MSFT,250,322.36,Sell
01/05/2022,15:34:11,AAPL,250,178.63,Buy
01/05/2022,15:34:11,AAPL,250,178.64,Sell
01/05/2022,15:35:11,AMD,250,140.42,Sell
01/05/2022,15:36:11,AAPL,250,178.60,Buy
01/05/2022,15:36:11,MSFT,250,322.34,Buy
01/05/2022,15:36:11,AMD,250,140.64,Buy
01/05/2022,15:36:11,TSLA,250,1148.70,Buy
01/05/2022,15:37:11,TSLA,250,1150.97,Sell
01/05/2022,15:38:11,META,250,14.71,Buy
01/05/2022,15:40:11,AMZN,250,3325.88,Sell
01/05/2022,15:40:11,MSFT,250,322.10,Sell
01/05/2022,15:40:11,AMD,250,140.11,Buy
01/05/2022,15:41:11,TSLA,250,1143.98,Buy
01/05/2022,15:41:11,AMZN,250,3325.58,Buy
01/05/2022,15:42:11,AMZN,250,3330.33,Sell
01/05/2022,15:43:11,META,250,14.72,Sell
01/05/2022,15:43:11,TSLA,250,1145.13,Sell
01/05/2022,15:44:11,AMZN,250,3326.08,Buy
01/05/2022,15:44:11,GOOG,250,2839.24,Sell
01/05/2022,15:44:11,TSLA,250,1144.73,Buy
01/05/2022,15:45:10,META,250,14.70,Buy
01/05/2022,15:45:11,AMZN,250,3328.82,Sell
01/05/2022,15:46:11,META,250,14.72,Sell
01/05/2022,15:46:11,AMZN,250,3327.76,Buy
01/05/2022,15:46:11,MSFT,250,321.94,Buy
01/05/2022,15:46:11,AAPL,250,178.39,Sell
01/05/2022,15:47:10,GOOG,250,2833.58,Sell
01/05/2022,15:48:11,AAPL,250,178.29,Buy
01/05/2022,15:48:11,MSFT,250,321.78,Sell
01/05/2022,15:48:11,GOOG,250,2831.59,Buy
01/05/2022,15:48:11,AMD,250,140.23,Sell
01/05/2022,15:49:11,MSFT,250,322.14,Buy
01/05/2022,15:49:11,AMD,250,140.21,Buy
01/05/2022,15:49:11,GOOG,250,2835.52,Sell
01/05/2022,15:49:11,AAPL,250,178.50,Sell
01/05/2022,15:50:11,META,250,14.69,Buy
01/05/2022,15:50:11,GOOG,250,2834.18,Buy
01/05/2022,15:50:11,AAPL,250,178.31,Buy
01/05/2022,15:51:11,AMD,250,140.27,Sell
01/05/2022,15:51:11,AAPL,250,178.37,Sell
01/05/2022,15:51:11,TSLA,250,1146.79,Sell
01/05/2022,15:51:11,MSFT,250,321.85,Sell
01/05/2022,15:52:11,GOOG,250,2833.91,Buy
01/05/2022,15:53:10,META,250,14.71,Sell
01/05/2022,15:53:11,TSLA,250,1147.54,Buy
01/05/2022,15:53:11,AMD,250,140.15,Buy
01/05/2022,15:53:11,MSFT,250,321.92,Buy
01/05/2022,15:55:11,META,250,14.71,Buy
01/05/2022,15:55:11,AMD,250,140.40,Sell
01/05/2022,15:56:11,AMZN,250,3332.00,Sell
01/05/2022,15:56:11,TSLA,250,1151.46,Sell
01/05/2022,15:57:11,AAPL,250,178.55,Buy
01/05/2022,15:58:11,AMD,250,140.75,Buy
01/05/2022,15:59:11,TSLA,250,1151.58,Buy
01/05/2022,15:59:11,TSLA,250,1152.07,Sell
01/05/2022,15:59:11,AMZN,250,3335.98,Sell
01/05/2022,16:00:03,META,250,14.75,Sell
01/05/2022,16:00:09,AMZN,250,3333.98,Buy
01/05/2022,16:01:10,META,250,14.75,Buy
01/05/2022,16:01:11,TSLA,250,1155.39,Buy
01/05/2022,16:01:11,AMZN,250,3337.36,Sell
01/05/2022,16:01:11,MSFT,250,322.97,Sell
01/05/2022,16:02:11,MSFT,250,322.76,Buy
01/05/2022,16:02:11,AMZN,250,3333.94,Buy
01/05/2022,16:03:11,GOOG,250,2835.17,Sell
01/05/2022,16:03:11,AAPL,250,178.81,Sell
01/05/2022,16:04:11,AMD,250,140.89,Sell
01/05/2022,16:04:11,MSFT,250,322.35,Sell
01/05/2022,16:05:11,GOOG,250,2832.91,Buy
01/05/2022,16:05:11,GOOG,250,2835.19,Sell
01/05/2022,16:05:11,META,250,14.74,Sell
01/05/2022,16:05:11,AMZN,250,3332.79,Buy
01/05/2022,16:05:11,AAPL,250,178.59,Sell
01/05/2022,16:06:11,MSFT,250,322.48,Buy
01/05/2022,16:06:11,AAPL,250,178.67,Buy
01/05/2022,16:07:07,GOOG,250,2831.06,Buy
01/05/2022,16:07:07,GOOG,250,2831.78,Sell
01/05/2022,16:07:11,AAPL,250,178.61,Buy
01/05/2022,16:08:10,GOOG,250,2832.00,Buy
01/05/2022,16:08:11,TSLA,250,1153.90,Sell
01/05/2022,16:08:11,AMD,250,140.67,Buy
01/05/2022,16:08:11,AMD,250,140.70,Sell
01/05/2022,16:08:11,MSFT,250,322.34,Sell
01/05/2022,16:08:11,META,250,14.72,Buy
01/05/2022,16:09:11,MSFT,250,322.14,Buy
01/05/2022,16:10:11,META,250,14.71,Sell
01/05/2022,16:10:11,TSLA,250,1153.39,Buy
01/05/2022,16:10:11,AMD,250,140.32,Buy
01/05/2022,16:12:11,AAPL,250,178.74,Sell
01/05/2022,16:13:11,AMD,250,140.44,Sell
01/05/2022,16:13:11,AAPL,250,178.62,Buy
01/05/2022,16:14:09,TSLA,250,1155.19,Sell
01/05/2022,16:14:11,AMD,250,140.47,Buy
01/05/2022,16:15:10,AMZN,250,3329.18,Sell
01/05/2022,16:16:10,META,250,14.71,Sell
01/05/2022,16:16:11,AMZN,250,3327.71,Buy
01/05/2022,16:16:11,TSLA,250,1156.74,Sell
01/05/2022,16:17:10,AMZN,250,3331.82,Sell
01/05/2022,16:17:11,META,250,14.70,Buy
01/05/2022,16:17:11,MSFT,250,322.68,Sell
01/05/2022,16:18:09,META,250,14.70,Buy
01/05/2022,16:18:11,TSLA,250,1153.43,Buy
01/05/2022,16:19:11,AMZN,250,3329.00,Buy
01/05/2022,16:20:10,AMZN,250,3329.65,Sell
01/05/2022,16:20:11,GOOG,250,2832.47,Sell
01/05/2022,16:21:11,AAPL,250,179.03,Sell
01/05/2022,16:21:11,TSLA,250,1149.53,Buy
01/05/2022,16:21:11,MSFT,250,322.53,Sell
01/05/2022,16:22:01,GOOG,250,2832.15,Buy
01/05/2022,16:22:01,GOOG,250,2833.82,Sell
01/05/2022,16:22:11,AAPL,250,179.09,Sell
01/05/2022,16:23:10,AMD,250,140.29,Sell
01/05/2022,16:23:10,AMZN,250,3330.18,Buy
01/05/2022,16:23:11,GOOG,250,2831.26,Sell
01/05/2022,16:23:11,META,250,14.70,Sell
01/05/2022,16:23:11,AAPL,250,179.04,Buy
01/05/2022,16:24:11,MSFT,250,322.62,Buy
01/05/2022,16:24:11,MSFT,250,322.66,Sell
01/05/2022,16:24:11,AAPL,250,179.14,Buy
01/05/2022,16:25:11,META,250,14.69,Buy
01/05/2022,16:25:11,TSLA,250,1148.00,Sell
01/05/2022,16:25:11,GOOG,250,2829.07,Buy
01/05/2022,16:25:11,AMD,250,140.18,Sell
01/05/2022,16:26:07,GOOG,250,2830.75,Buy
01/05/2022,16:26:11,MSFT,250,322.64,Buy
01/05/2022,16:26:11,TSLA,250,1147.65,Buy
01/05/2022,16:28:11,AMD,250,140.28,Buy
01/05/2022,16:28:11,MSFT,250,322.64,Buy
01/05/2022,16:28:11,AAPL,250,179.17,Sell
01/05/2022,16:29:11,AMD,250,140.16,Buy
01/05/2022,16:29:11,AMD,250,140.19,Sell
01/05/2022,16:29:11,AAPL,250,179.21,Buy
01/05/2022,16:31:11,AMZN,250,3333.87,Sell
01/05/2022,16:32:11,META,250,14.70,Sell
01/05/2022,16:33:11,META,250,14.68,Buy
01/05/2022,16:33:11,META,250,14.69,Sell
01/05/2022,16:33:11,TSLA,250,1148.31,Sell
01/05/2022,16:34:06,META,250,14.68,Buy
01/05/2022,16:34:11,AMZN,250,3329.37,Sell
01/05/2022,16:35:11,AMD,250,139.64,Buy
01/05/2022,16:36:11,TSLA,250,1147.48,Sell
01/05/2022,16:37:08,GOOG,250,2829.13,Sell
01/05/2022,16:37:10,TSLA,250,1147.13,Buy
01/05/2022,16:38:11,GOOG,250,2827.85,Buy
01/05/2022,16:38:11,TSLA,250,1147.85,Buy
01/05/2022,16:38:11,AMZN,250,3333.00,Sell
01/05/2022,16:38:11,AAPL,250,178.93,Sell
01/05/2022,16:39:11,AMZN,250,3331.02,Buy
01/05/2022,16:39:11,MSFT,250,322.51,Sell
01/05/2022,16:39:11,AAPL,250,178.98,Buy
01/05/2022,16:39:11,AAPL,250,178.99,Sell
01/05/2022,16:40:10,META,250,14.70,Sell
01/05/2022,16:40:11,GOOG,250,2827.01,Sell
01/05/2022,16:40:11,AMZN,250,3331.48,Buy
01/05/2022,16:41:09,GOOG,250,2824.71,Sell
01/05/2022,16:41:11,MSFT,250,322.34,Buy
01/05/2022,16:41:11,MSFT,250,322.37,Sell
01/05/2022,16:41:11,TSLA,250,1148.80,Sell
01/05/2022,16:43:11,META,250,14.69,Buy
01/05/2022,16:43:11,GOOG,250,2821.20,Buy
01/05/2022,16:43:11,MSFT,250,322.15,Sell
01/05/2022,16:43:11,AMD,250,140.01,Sell
01/05/2022,16:44:11,TSLA,250,1144.51,Buy
01/05/2022,16:44:11,AAPL,250,178.69,Sell
01/05/2022,16:44:11,MSFT,250,321.91,Buy
01/05/2022,16:44:11,AMD,250,139.91,Buy
01/05/2022,16:44:11,AMD,250,139.93,Sell
01/05/2022,16:45:11,AMZN,250,3327.90,Buy
01/05/2022,16:46:11,AAPL,250,178.68,Buy
01/05/2022,16:48:10,META,250,14.68,Sell
01/05/2022,16:48:11,AAPL,250,178.68,Buy
01/05/2022,16:49:11,META,250,14.66,Buy
01/05/2022,16:49:11,META,250,14.67,Sell
01/05/2022,16:49:11,MSFT,250,321.88,Buy
01/05/2022,16:49:11,AMD,250,139.73,Buy
01/05/2022,16:50:10,AMD,250,140.05,Sell
01/05/2022,16:50:10,GOOG,250,2818.99,Buy
01/05/2022,16:51:11,AMD,250,139.98,Buy
01/05/2022,16:52:11,TSLA,250,1144.00,Sell
01/05/2022,16:53:11,TSLA,250,1142.53,Sell
01/05/2022,16:53:11,META,250,14.67,Buy
01/05/2022,16:53:11,GOOG,250,2816.54,Sell
01/05/2022,16:54:11,AMZN,250,3327.92,Sell
01/05/2022,16:54:11,AAPL,250,178.80,Sell
01/05/2022,16:55:11,GOOG,250,2814.19,Buy
01/05/2022,16:55:11,AMZN,250,3327.28,Buy
01/05/2022,16:55:11,AMZN,250,3328.95,Sell
01/05/2022,16:56:11,MSFT,250,321.88,Sell
01/05/2022,16:57:11,MSFT,250,321.83,Buy
01/05/2022,16:57:11,AAPL,250,178.86,Buy
01/05/2022,16:58:08,GOOG,250,2818.88,Sell
01/05/2022,16:58:10,META,250,14.67,Sell
01/05/2022,16:58:11,AMZN,250,3328.44,Buy
01/05/2022,16:58:11,TSLA,250,1142.47,Buy
01/05/2022,16:59:10,GOOG,250,2817.39,Buy
01/05/2022,16:59:11,AMD,250,140.23,Sell
01/05/2022,16:59:11,TSLA,250,1142.13,Sell
01/05/2022,16:59:11,MSFT,250,321.80,Sell
01/05/2022,17:00:11,AMZN,250,3329.49,Sell
01/05/2022,17:00:11,META,250,14.65,Buy
01/05/2022,17:01:11,TSLA,250,1141.00,Buy
01/05/2022,17:01:11,AMZN,250,3329.97,Buy
01/05/2022,17:01:11,AMD,250,140.17,Buy
01/05/2022,17:01:11,MSFT,250,321.79,Buy
01/05/2022,17:01:11,AAPL,250,178.74,Sell
01/05/2022,17:02:11,AAPL,250,178.72,Buy
01/05/2022,17:03:11,TSLA,250,1143.02,Buy
01/05/2022,17:03:11,AAPL,250,178.91,Sell
01/05/2022,17:04:07,META,250,14.67,Sell
01/05/2022,17:04:11,MSFT,250,322.13,Sell
01/05/2022,17:04:11,AMD,250,140.37,Sell
01/05/2022,17:05:10,META,250,14.66,Buy
01/05/2022,17:05:11,GOOG,250,2816.64,Sell
01/05/2022,17:06:11,GOOG,250,2816.35,Buy
01/05/2022,17:06:11,MSFT,250,322.30,Buy
01/05/2022,17:06:11,AMD,250,140.60,Sell
01/05/2022,17:07:11,AMD,250,140.45,Buy
01/05/2022,17:08:09,META,250,14.67,Sell
01/05/2022,17:08:11,AAPL,250,178.81,Buy
01/05/2022,17:10:11,GOOG,250,2815.42,Sell
01/05/2022,17:10:11,AMZN,250,3330.95,Sell
01/05/2022,17:11:11,AMD,250,139.97,Buy
01/05/2022,17:11:11,META,250,14.65,Buy
01/05/2022,17:11:11,AMZN,250,3327.00,Buy
01/05/2022,17:12:10,MSFT,250,321.77,Sell
01/05/2022,17:12:11,AAPL,250,178.84,Sell
01/05/2022,17:13:11,TSLA,250,1142.87,Sell
01/05/2022,17:13:11,AMZN,250,3329.59,Sell
01/05/2022,17:13:11,AAPL,250,178.83,Buy
01/05/2022,17:14:11,TSLA,250,1140.36,Buy
01/05/2022,17:14:11,MSFT,250,321.73,Buy
01/05/2022,17:14:11,GOOG,250,2815.01,Sell
01/05/2022,17:15:10,META,250,14.65,Sell
01/05/2022,17:16:07,META,250,14.64,Buy
01/05/2022,17:16:11,AMD,250,140.06,Sell
01/05/2022,17:16:11,MSFT,250,322.02,Sell
01/05/2022,17:16:11,AMZN,250,3332.99,Sell
01/05/2022,17:16:11,TSLA,250,1143.32,Sell
01/05/2022,17:17:11,MSFT,250,322.04,Buy
01/05/2022,17:17:11,AAPL,250,178.98,Sell
01/05/2022,17:18:11,AMZN,250,3330.02,Buy
01/05/2022,17:18:11,AMD,250,139.94,Buy
01/05/2022,17:18:11,TSLA,250,1142.75,Buy
01/05/2022,17:18:11,TSLA,250,1143.52,Sell
01/05/2022,17:18:11,AAPL,250,179.03,Buy
01/05/2022,17:19:11,GOOG,250,2814.18,Buy
01/05/2022,17:20:11,META,250,14.66,Sell
01/05/2022,17:21:10,GOOG,250,2815.84,Sell
01/05/2022,17:21:11,MSFT,250,321.96,Sell
01/05/2022,17:21:11,TSLA,250,1142.01,Buy
01/05/2022,17:22:10,MSFT,250,322.05,Buy
01/05/2022,17:22:10,META,250,14.65,Buy
01/05/2022,17:22:11,AMD,250,140.03,Sell
01/05/2022,17:22:11,GOOG,250,2814.51,Buy
01/05/2022,17:23:11,AAPL,250,178.95,Sell
01/05/2022,17:25:11,AMZN,250,3328.73,Buy
01/05/2022,17:25:11,AMD,250,140.14,Buy
01/05/2022,17:25:11,AAPL,250,178.97,Buy
01/05/2022,17:26:11,GOOG,250,2816.37,Buy
01/05/2022,17:26:11,META,250,14.66,Sell
01/05/2022,17:26:11,AMZN,250,3331.97,Sell
01/05/2022,17:26:11,AMD,250,140.17,Sell
01/05/2022,17:27:05,META,250,14.65,Buy
01/05/2022,17:27:11,AMZN,250,3329.50,Buy
01/05/2022,17:28:11,AMD,250,140.24,Buy
01/05/2022,17:28:11,AAPL,250,179.24,Sell
01/05/2022,17:29:11,MSFT,250,321.73,Sell
01/05/2022,17:29:11,TSLA,250,1143.85,Sell
01/05/2022,17:29:11,AAPL,250,179.17,Buy
01/05/2022,17:31:11,META,250,14.65,Sell
01/05/2022,17:32:11,MSFT,250,321.22,Sell
01/05/2022,17:33:11,TSLA,250,1140.46,Buy
01/05/2022,17:33:11,TSLA,250,1141.11,Sell
01/05/2022,17:33:11,AMZN,250,3326.48,Sell
01/05/2022,17:33:11,AMD,250,139.66,Sell
01/05/2022,17:33:11,AAPL,250,178.83,Sell
01/05/2022,17:34:11,AMZN,250,3324.21,Buy
01/05/2022,17:34:11,GOOG,250,2814.26,Sell
01/05/2022,17:34:11,AAPL,250,178.88,Buy
01/05/2022,17:35:11,GOOG,250,2812.85,Buy
01/05/2022,17:35:11,MSFT,250,321.01,Buy
01/05/2022,17:35:11,AMD,250,139.64,Buy
01/05/2022,17:36:11,META,250,14.62,Buy
01/05/2022,17:36:11,TSLA,250,1140.03,Buy
01/05/2022,17:36:11,TSLA,250,1140.56,Sell
01/05/2022,17:37:09,META,250,14.62,Sell
01/05/2022,17:37:11,MSFT,250,320.79,Sell
01/05/2022,17:37:11,GOOG,250,2812.69,Sell
01/05/2022,17:39:08,META,250,14.59,Buy
01/05/2022,17:39:11,TSLA,250,1137.00,Buy
01/05/2022,17:40:11,AMZN,250,3323.53,Sell
01/05/2022,17:40:11,MSFT,250,320.40,Buy
01/05/2022,17:40:11,AMD,250,139.26,Sell
01/05/2022,17:40:11,AAPL,250,178.59,Sell
01/05/2022,17:41:11,AMD,250,139.17,Buy
01/05/2022,17:41:11,GOOG,250,2812.70,Sell
01/05/2022,17:41:11,AAPL,250,178.62,Buy
01/05/2022,17:42:04,META,250,14.60,Sell
01/05/2022,17:42:11,AMZN,250,3321.64,Buy
01/05/2022,17:42:11,AMZN,250,3322.56,Sell
01/05/2022,17:43:11,GOOG,250,2810.63,Buy
01/05/2022,17:43:11,AMD,250,139.16,Sell
01/05/2022,17:44:09,META,250,14.58,Buy
01/05/2022,17:44:11,MSFT,250,320.52,Buy
01/05/2022,17:44:11,AAPL,250,178.59,Sell
01/05/2022,17:46:11,GOOG,250,2808.50,Buy
01/05/2022,17:46:11,AAPL,250,178.51,Buy
01/05/2022,17:47:11,AMD,250,139.02,Buy
01/05/2022,17:48:11,TSLA,250,1138.45,Sell
01/05/2022,17:49:10,AMZN,250,3318.30,Buy
01/05/2022,17:49:10,AMZN,250,3319.30,Sell
01/05/2022,17:49:11,AAPL,250,178.57,Sell
01/05/2022,17:49:11,TSLA,250,1136.43,Buy
01/05/2022,17:50:10,GOOG,250,2809.72,Sell
01/05/2022,17:50:11,AMD,250,139.01,Sell
01/05/2022,17:50:11,AAPL,250,178.60,Buy
01/05/2022,17:50:11,MSFT,250,320.71,Sell
01/05/2022,17:51:07,META,250,14.56,Sell
01/05/2022,17:51:11,TSLA,250,1136.13,Sell
01/05/2022,17:52:08,AMZN,250,3319.89,Buy
01/05/2022,17:52:11,TSLA,250,1136.26,Buy
01/05/2022,17:53:08,GOOG,250,2808.98,Buy
01/05/2022,17:53:11,META,250,14.55,Buy
01/05/2022,17:53:11,AMD,250,138.94,Buy
01/05/2022,17:54:11,META,250,14.56,Sell
01/05/2022,17:54:11,MSFT,250,320.92,Buy
01/05/2022,17:54:11,TSLA,250,1137.99,Sell
01/05/2022,17:55:11,TSLA,250,1138.84,Buy
01/05/2022,17:55:11,META,250,14.55,Buy
01/05/2022,17:55:11,MSFT,250,320.85,Sell
01/05/2022,17:56:11,AMD,250,138.78,Sell
01/05/2022,17:56:11,MSFT,250,320.68,Buy
01/05/2022,17:56:11,AAPL,250,178.60,Sell
01/05/2022,17:57:11,AAPL,250,178.58,Buy
01/05/2022,17:57:11,AMZN,250,3320.84,Sell
01/05/2022,17:58:11,GOOG,250,2806.33,Sell
01/05/2022,17:59:03,META,250,14.56,Sell
01/05/2022,17:59:11,MSFT,250,320.72,Sell
01/05/2022,17:59:11,AMD,250,138.74,Buy
01/05/2022,18:00:11,GOOG,250,2803.05,Buy
01/05/2022,18:01:11,GOOG,250,2807.58,Sell
01/05/2022,18:01:11,AAPL,250,178.35,Sell
01/05/2022,18:02:11,META,250,14.54,Buy
01/05/2022,18:02:11,AMD,250,138.80,Sell
01/05/2022,18:02:11,GOOG,250,2804.39,Buy
01/05/2022,18:02:11,AAPL,250,178.33,Buy
01/05/2022,18:03:11,AMZN,250,3317.75,Buy
01/05/2022,18:03:11,MSFT,250,320.46,Buy
01/05/2022,18:04:10,AMZN,250,3322.91,Sell
01/05/2022,18:04:11,TSLA,250,1137.39,Sell
01/05/2022,18:05:11,TSLA,250,1137.62,Buy
01/05/2022,18:05:11,AAPL,250,178.23,Sell
01/05/2022,18:06:09,AMZN,250,3317.62,Buy
01/05/2022,18:06:11,AMD,250,138.33,Buy
01/05/2022,18:07:11,AMZN,250,3318.53,Sell
01/05/2022,18:07:11,TSLA,250,1135.65,Sell
01/05/2022,18:08:00,META,250,14.52,Sell
01/05/2022,18:08:11,GOOG,250,2807.37,Sell
01/05/2022,18:08:11,AMZN,250,3317.40,Buy
01/05/2022,18:08:11,TSLA,250,1134.68,Buy
01/05/2022,18:08:11,AMD,250,138.65,Sell
01/05/2022,18:09:11,AAPL,250,178.02,Buy
01/05/2022,18:09:11,MSFT,250,320.59,Sell
01/05/2022,18:09:11,AMD,250,138.62,Buy
01/05/2022,18:10:11,META,250,14.51,Sell
01/05/2022,18:10:11,TSLA,250,1135.96,Sell
01/05/2022,18:10:11,MSFT,250,320.71,Buy
01/05/2022,18:11:11,TSLA,250,1135.30,Buy
01/05/2022,18:11:11,MSFT,250,320.55,Sell
01/05/2022,18:12:08,META,250,14.50,Buy
01/05/2022,18:12:11,AAPL,250,177.82,Sell
01/05/2022,18:13:10,META,250,14.50,Buy
01/05/2022,18:13:11,MSFT,250,320.57,Buy
01/05/2022,18:14:11,AMD,250,138.57,Sell
01/05/2022,18:15:11,GOOG,250,2809.31,Sell
01/05/2022,18:15:11,AMD,250,138.86,Buy
01/05/2022,18:17:11,GOOG,250,2812.01,Buy
01/05/2022,18:17:11,GOOG,250,2813.98,Sell
01/05/2022,18:17:11,META,250,14.54,Sell
01/05/2022,18:17:11,AAPL,250,178.26,Buy
01/05/2022,18:17:11,AAPL,250,178.28,Sell
01/05/2022,18:18:11,AMZN,250,3324.35,Sell
01/05/2022,18:18:11,MSFT,250,320.94,Sell
01/05/2022,18:19:11,AMZN,250,3323.00,Buy
01/05/2022,18:19:11,AAPL,250,178.18,Buy
01/05/2022,18:20:08,META,250,14.53,Buy
01/05/2022,18:20:11,TSLA,250,1134.48,Sell
01/05/2022,18:21:11,AMZN,250,3328.79,Sell
01/05/2022,18:21:11,AMD,250,139.36,Sell
01/05/2022,18:21:11,MSFT,250,321.21,Buy
01/05/2022,18:23:11,AMZN,250,3327.44,Buy
01/05/2022,18:23:11,AMZN,250,3330.00,Sell
01/05/2022,18:23:11,GOOG,250,2815.38,Buy
01/05/2022,18:23:11,TSLA,250,1138.46,Sell
01/05/2022,18:24:11,AMD,250,139.43,Buy
01/05/2022,18:24:11,AMD,250,139.45,Sell
01/05/2022,18:24:11,AAPL,250,178.26,Sell
01/05/2022,18:24:11,TSLA,250,1138.03,Buy
01/05/2022,18:25:10,MSFT,250,321.11,Sell
01/05/2022,18:25:11,AMD,250,139.45,Buy
01/05/2022,18:25:11,TSLA,250,1138.38,Buy
01/05/2022,18:25:11,AMZN,250,3327.29,Buy
01/05/2022,18:25:11,AAPL,250,178.36,Buy
01/05/2022,18:26:11,MSFT,250,321.24,Buy
01/05/2022,18:26:11,TSLA,250,1140.99,Sell
01/05/2022,18:27:10,META,250,14.58,Sell
01/05/2022,18:27:11,GOOG,250,2813.54,Buy
01/05/2022,18:28:09,META,250,14.58,Buy
01/05/2022,18:28:09,META,250,14.59,Sell
01/05/2022,18:28:11,TSLA,250,1139.07,Buy
01/05/2022,18:28:11,MSFT,250,321.26,Sell
01/05/2022,18:29:11,MSFT,250,321.33,Buy
01/05/2022,18:29:11,META,250,14.57,Buy
01/05/2022,18:30:11,AMD,250,139.29,Sell
01/05/2022,18:31:10,AMD,250,139.49,Buy
01/05/2022,18:32:11,GOOG,250,2818.80,Sell
01/05/2022,18:32:11,AAPL,250,178.40,Sell
01/05/2022,18:33:11,AAPL,250,178.39,Buy
01/05/2022,18:34:11,AMZN,250,3331.51,Sell
01/05/2022,18:34:11,AAPL,250,178.36,Sell
01/05/2022,18:35:01,META,250,14.59,Sell
01/05/2022,18:35:11,AMZN,250,3328.89,Buy
01/05/2022,18:36:11,MSFT,250,321.29,Sell
01/05/2022,18:37:11,MSFT,250,321.34,Buy
01/05/2022,18:38:09,GOOG,250,2813.12,Sell
01/05/2022,18:38:11,AMZN,250,3322.86,Sell
01/05/2022,18:38:11,AAPL,250,178.28,Buy
01/05/2022,18:39:09,AMZN,250,3323.85,Buy
01/05/2022,18:39:11,GOOG,250,2810.94,Buy
01/05/2022,18:39:11,AMD,250,139.21,Sell
01/05/2022,18:39:11,TSLA,250,1138.97,Sell
01/05/2022,18:40:11,AMZN,250,3327.65,Sell
01/05/2022,18:40:11,TSLA,250,1138.89,Buy
01/05/2022,18:40:11,TSLA,250,1139.54,Sell
01/05/2022,18:40:11,AMD,250,139.24,Sell
01/05/2022,18:40:11,AAPL,250,178.52,Sell
01/05/2022,18:41:06,GOOG,250,2810.52,Buy
01/05/2022,18:41:10,AMZN,250,3325.30,Buy
01/05/2022,18:41:11,MSFT,250,321.32,Sell
01/05/2022,18:41:11,AMD,250,139.11,Buy
01/05/2022,18:41:11,TSLA,250,1138.09,Buy
01/05/2022,18:41:11,AAPL,250,178.41,Buy
01/05/2022,18:41:48,META,250,14.56,Buy
01/05/2022,18:42:11,GOOG,250,2812.15,Sell
01/05/2022,18:42:11,AMD,250,139.11,Buy
01/05/2022,18:43:10,TSLA,250,1139.03,Sell
01/05/2022,18:43:11,META,250,14.56,Sell
01/05/2022,18:43:11,MSFT,250,321.26,Buy
01/05/2022,18:44:07,META,250,14.56,Buy
01/05/2022,18:44:07,META,250,14.57,Sell
01/05/2022,18:44:11,TSLA,250,1138.83,Buy
01/05/2022,18:44:11,MSFT,250,321.34,Sell
01/05/2022,18:45:11,META,250,14.56,Buy
01/05/2022,18:45:11,GOOG,250,2810.01,Buy
01/05/2022,18:45:11,MSFT,250,321.30,Buy
01/05/2022,18:46:11,AMD,250,139.09,Sell
01/05/2022,18:48:11,AMD,250,139.09,Buy
01/05/2022,18:48:11,AAPL,250,178.25,Sell
01/05/2022,18:50:11,AMZN,250,3327.99,Sell
01/05/2022,18:50:11,AAPL,250,178.21,Buy
01/05/2022,18:52:11,MSFT,250,320.80,Sell
01/05/2022,18:52:11,AMZN,250,3325.27,Buy
01/05/2022,18:53:11,AAPL,250,178.28,Sell
01/05/2022,18:53:11,MSFT,250,320.98,Buy
01/05/2022,18:54:11,GOOG,250,2808.28,Sell
01/05/2022,18:54:11,AMZN,250,3327.89,Sell
01/05/2022,18:54:11,AAPL,250,178.25,Buy
01/05/2022,18:55:09,TSLA,250,1138.10,Sell
01/05/2022,18:55:10,AMZN,250,3325.21,Buy
01/05/2022,18:56:11,GOOG,250,2808.97,Sell
01/05/2022,18:56:11,AMZN,250,3326.64,Sell
01/05/2022,18:56:11,AAPL,250,178.22,Sell
01/05/2022,18:56:11,TSLA,250,1137.60,Buy
01/05/2022,18:56:11,TSLA,250,1138.29,Sell
01/05/2022,18:56:11,AMD,250,139.50,Sell
01/05/2022,18:57:07,META,250,14.57,Sell
01/05/2022,18:57:11,AAPL,250,178.15,Buy
01/05/2022,18:57:11,AMD,250,139.46,Sell
01/05/2022,18:58:06,META,250,14.56,Buy
01/05/2022,18:58:10,MSFT,250,321.20,Sell
01/05/2022,18:59:08,AMZN,250,3325.04,Buy
01/05/2022,18:59:11,TSLA,250,1136.00,Sell
01/05/2022,18:59:11,META,250,14.57,Sell
01/05/2022,19:00:08,GOOG,250,2806.84,Sell
01/05/2022,19:00:08,MSFT,250,321.14,Sell
01/05/2022,19:00:10,META,250,14.57,Sell
01/05/2022,19:01:09,META,250,14.56,Buy
01/05/2022,19:01:10,GOOG,250,2805.56,Buy
01/05/2022,19:01:11,TSLA,250,1135.55,Buy
01/05/2022,19:01:11,MSFT,250,321.00,Buy
01/05/2022,19:02:11,META,250,14.59,Buy
01/05/2022,19:02:11,AMD,250,139.75,Buy
01/05/2022,19:02:11,TSLA,250,1141.75,Buy
01/05/2022,19:03:11,AMD,250,139.47,Sell
01/05/2022,19:03:11,MSFT,250,321.87,Buy
01/05/2022,19:04:11,GOOG,250,2810.81,Buy
01/05/2022,19:05:11,AAPL,250,177.83,Sell
01/05/2022,19:06:11,AMD,250,138.43,Buy
01/05/2022,19:07:11,AMD,250,138.72,Buy
01/05/2022,19:07:11,AMZN,250,3321.60,Sell
01/05/2022,19:07:11,AAPL,250,177.49,Buy
01/05/2022,19:08:11,AMZN,250,3319.00,Buy
01/05/2022,19:08:11,MSFT,250,320.85,Sell
01/05/2022,19:09:11,AAPL,250,177.85,Sell
01/05/2022,19:10:11,AAPL,250,177.59,Buy
01/05/2022,19:10:11,AMZN,250,3318.65,Sell
01/05/2022,19:10:11,MSFT,250,320.68,Buy
01/05/2022,19:11:11,TSLA,250,1128.99,Sell
01/05/2022,19:12:11,AAPL,250,177.45,Sell
01/05/2022,19:13:10,META,250,14.49,Sell
01/05/2022,19:14:11,AMZN,250,3309.74,Sell
01/05/2022,19:15:11,AMZN,250,3312.00,Buy
01/05/2022,19:15:11,GOOG,250,2799.46,Buy
01/05/2022,19:15:11,TSLA,250,1124.25,Buy
01/05/2022,19:15:11,AAPL,250,177.20,Buy
01/05/2022,19:16:11,META,250,14.47,Sell
01/05/2022,19:16:11,MSFT,250,320.34,Sell
