Date,Time,Symbol,Quantity,Price,Side
09/11/2023,13:30:11,AAPL,250,180.25,Buy
09/11/2023,13:30:11,AMZN,250,139.06,Buy
09/11/2023,13:31:11,AAPL,250,180.12,Buy
09/11/2023,13:32:11,AMZN,250,139.48,Buy
09/11/2023,13:33:11,AMZN,250,140.06,Buy
09/11/2023,13:34:11,META,250,305.04,Buy
09/11/2023,13:35:11,META,250,306.02,Buy
09/11/2023,13:36:11,META,250,305.58,Buy
09/11/2023,13:36:11,AAPL,250,179.65,Buy
09/11/2023,13:45:11,AAPL,250,178.24,Sell
09/11/2023,13:45:11,AMZN,250,140.00,Sell
09/11/2023,13:46:11,AAPL,250,177.96,Sell
09/11/2023,13:47:11,AMZN,250,139.93,Sell
09/11/2023,13:47:11,AAPL,250,177.85,Buy
09/11/2023,13:48:11,AMZN,250,139.72,Sell
09/11/2023,13:48:11,AAPL,250,177.71,Buy
09/11/2023,13:49:11,META,250,303.40,Sell
09/11/2023,13:50:11,META,250,303.77,Sell
09/11/2023,13:51:11,AAPL,250,177.57,Sell
09/11/2023,13:51:11,META,250,303.77,Sell
09/11/2023,13:52:11,AAPL,250,177.73,Buy
09/11/2023,14:02:11,AAPL,250,178.07,Sell
09/11/2023,14:03:11,AAPL,250,178.19,Sell
09/11/2023,14:07:11,AAPL,250,177.93,Sell
09/11/2023,14:13:11,META,250,303.03,Buy
09/11/2023,14:14:11,META,250,303.25,Buy
09/11/2023,14:15:11,META,250,303.37,Buy
09/11/2023,14:28:11,META,250,304.87,Sell
09/11/2023,14:29:11,META,250,305.40,Sell
09/11/2023,14:30:11,META,250,304.51,Sell
09/12/2023,13:32:11,MSFT,250,335.36,Sell
09/12/2023,13:32:11,META,250,307.26,Sell
09/12/2023,13:33:11,META,250,308.50,Sell
09/12/2023,13:33:11,MSFT,250,335.93,Sell
09/12/2023,13:33:11,AMZN,250,142.32,Sell
09/12/2023,13:33:11,AAPL,250,179.76,Sell
09/12/2023,13:34:11,META,250,307.79,Sell
09/12/2023,13:34:11,MSFT,250,336.29,Sell
09/12/2023,13:35:11,AAPL,250,179.77,Sell
09/12/2023,13:36:11,AAPL,250,179.76,Sell
09/12/2023,13:47:11,META,250,304.69,Buy
09/12/2023,13:47:11,MSFT,250,336.28,Buy
09/12/2023,13:48:10,META,250,304.89,Buy
09/12/2023,13:48:11,AAPL,250,179.05,Buy
09/12/2023,13:48:11,MSFT,250,336.55,Buy
09/12/2023,13:48:11,AMZN,250,141.89,Buy
09/12/2023,13:49:11,META,250,304.47,Buy
09/12/2023,13:49:11,MSFT,250,336.12,Buy
09/12/2023,13:50:11,AAPL,250,178.67,Buy
09/12/2023,13:51:11,AAPL,250,178.57,Buy
09/12/2023,13:54:10,META,250,305.66,Sell
09/12/2023,13:55:11,META,250,305.47,Sell
09/12/2023,14:04:10,META,250,305.11,Sell
09/12/2023,14:09:11,META,250,304.83,Buy
09/12/2023,14:10:11,META,250,304.80,Buy
09/12/2023,14:19:10,META,250,305.70,Buy
09/12/2023,17:30:11,AAPL,250,177.68,Sell
09/12/2023,17:45:11,AAPL,250,176.86,Buy
09/13/2023,13:32:11,AAPL,250,177.20,Sell
09/13/2023,13:33:11,AAPL,250,176.79,Sell
09/13/2023,13:47:11,AAPL,250,175.17,Buy
09/13/2023,13:48:11,AAPL,250,175.62,Buy
09/14/2023,13:31:11,META,250,306.59,Buy
09/14/2023,13:32:11,META,250,306.57,Buy
09/14/2023,13:42:11,AAPL,250,175.41,Sell
09/14/2023,13:43:11,AAPL,250,175.38,Sell
09/14/2023,13:46:11,META,250,307.85,Sell
09/14/2023,13:47:11,META,250,307.87,Sell
09/14/2023,13:57:11,AAPL,250,174.83,Buy
09/14/2023,13:58:11,AAPL,250,175.18,Buy
09/14/2023,14:02:11,MSFT,250,337.11,Buy
09/14/2023,14:05:11,MSFT,250,337.04,Buy
09/14/2023,14:17:11,MSFT,250,336.97,Sell
09/14/2023,14:20:11,MSFT,250,336.70,Sell
09/14/2023,14:56:11,AMZN,250,145.05,Sell
09/14/2023,15:11:11,AMZN,250,145.61,Buy
09/14/2023,16:15:11,META,250,310.04,Buy
09/14/2023,16:16:11,META,250,310.36,Buy
09/14/2023,16:17:11,META,250,310.26,Buy
09/14/2023,16:30:11,META,250,309.41,Sell
09/14/2023,16:31:11,META,250,309.47,Sell
09/14/2023,16:32:11,META,250,309.88,Sell
09/14/2023,16:36:11,META,250,309.17,Buy
09/14/2023,16:37:11,META,250,309.21,Buy
09/14/2023,16:38:11,META,250,309.23,Buy
09/14/2023,16:51:11,META,250,310.32,Sell
09/14/2023,16:52:11,META,250,310.28,Sell
09/14/2023,16:53:11,META,250,310.39,Sell
09/15/2023,13:32:11,META,250,309.68,Sell
09/15/2023,13:33:11,AMZN,250,143.17,Sell
09/15/2023,13:33:11,META,250,309.72,Sell
09/15/2023,13:34:11,META,250,309.30,Sell
09/15/2023,13:34:11,AMZN,250,143.57,Sell
09/15/2023,13:35:11,AMZN,250,142.99,Sell
09/15/2023,13:47:11,GOOG,250,137.84,Buy
09/15/2023,13:47:11,META,250,305.80,Buy
09/15/2023,13:48:11,GOOG,250,137.72,Buy
09/15/2023,13:48:11,META,250,306.03,Buy
09/15/2023,13:48:11,AMZN,250,141.93,Buy
09/15/2023,13:49:11,META,250,306.58,Sell
09/15/2023,13:49:11,META,250,306.46,Buy
09/15/2023,13:49:11,GOOG,250,137.95,Buy
09/15/2023,13:49:11,AMZN,250,142.17,Buy
09/15/2023,13:50:11,META,250,305.93,Sell
09/15/2023,13:50:11,AMZN,250,141.82,Buy
09/15/2023,13:51:11,META,250,305.76,Sell
09/15/2023,14:02:11,GOOG,250,137.92,Sell
09/15/2023,14:03:11,GOOG,250,138.11,Sell
09/15/2023,14:04:11,META,250,305.17,Buy
09/15/2023,14:04:11,GOOG,250,137.94,Sell
09/15/2023,14:05:11,META,250,305.69,Sell
09/15/2023,14:05:11,META,250,305.58,Buy
09/15/2023,14:06:11,META,250,305.57,Sell
09/15/2023,14:06:11,META,250,305.52,Buy
09/15/2023,14:07:11,META,250,305.33,Sell
09/15/2023,14:20:11,META,250,305.57,Buy
09/15/2023,14:21:11,META,250,305.59,Sell
09/15/2023,14:21:11,META,250,305.53,Buy
09/15/2023,14:22:11,META,250,305.76,Sell
09/15/2023,14:22:11,META,250,305.69,Buy
09/15/2023,14:23:11,META,250,306.29,Sell
09/15/2023,14:36:11,META,250,306.00,Buy
09/15/2023,14:37:11,META,250,305.82,Buy
09/15/2023,14:38:11,META,250,305.87,Sell
09/15/2023,14:38:11,META,250,305.80,Buy
09/15/2023,14:53:11,META,250,303.67,Sell
09/15/2023,14:53:11,META,250,303.57,Buy
09/15/2023,14:56:11,META,250,303.94,Sell
09/15/2023,14:57:11,META,250,304.13,Sell
09/15/2023,15:08:11,META,250,304.02,Buy
09/15/2023,15:11:11,META,250,304.65,Buy
09/15/2023,15:12:11,META,250,304.44,Buy
09/15/2023,15:24:11,META,250,303.23,Sell
09/15/2023,15:25:11,META,250,303.52,Sell
09/15/2023,15:26:11,META,250,303.37,Sell
09/15/2023,15:39:11,META,250,303.40,Buy
09/15/2023,15:40:11,META,250,303.42,Buy
09/15/2023,15:41:10,META,250,303.70,Buy
09/15/2023,15:49:11,META,250,304.95,Sell
09/15/2023,15:50:11,META,250,304.79,Sell
09/15/2023,15:51:11,META,250,304.58,Sell
09/15/2023,16:04:11,META,250,304.17,Buy
09/15/2023,16:05:10,META,250,304.32,Buy
09/15/2023,16:06:11,META,250,304.50,Buy
09/15/2023,16:09:11,META,250,304.75,Sell
09/15/2023,16:10:10,META,250,304.57,Sell
09/15/2023,16:11:11,META,250,304.69,Sell
09/15/2023,16:24:11,META,250,304.50,Buy
09/15/2023,16:25:11,META,250,304.28,Buy
09/15/2023,16:26:11,META,250,304.17,Buy
09/15/2023,16:40:11,META,250,304.38,Sell
09/15/2023,16:41:11,META,250,304.32,Sell
09/15/2023,16:42:11,META,250,304.53,Sell
09/15/2023,16:55:11,META,250,304.71,Buy
09/15/2023,16:56:11,META,250,304.62,Sell
09/15/2023,16:56:11,META,250,304.57,Buy
09/15/2023,16:57:10,META,250,304.50,Sell
09/15/2023,16:57:10,META,250,304.43,Buy
09/15/2023,16:58:11,META,250,304.59,Sell
09/15/2023,17:11:11,META,250,303.19,Buy
09/15/2023,17:12:11,META,250,303.34,Sell
09/15/2023,17:12:11,META,250,303.27,Buy
09/15/2023,17:13:10,META,250,303.09,Sell
09/15/2023,17:13:10,META,250,303.02,Buy
09/15/2023,17:14:11,META,250,303.04,Sell
09/15/2023,17:27:11,META,250,301.64,Buy
09/15/2023,17:28:11,META,250,301.27,Buy
09/15/2023,17:29:11,META,250,301.30,Buy
09/15/2023,17:33:11,META,250,300.92,Sell
09/15/2023,17:34:09,META,250,301.39,Sell
09/15/2023,17:35:11,META,250,301.26,Sell
09/15/2023,17:48:10,META,250,301.18,Buy
09/15/2023,17:49:11,META,250,300.90,Sell
09/15/2023,17:49:11,META,250,300.82,Buy
09/15/2023,17:50:11,META,250,300.82,Sell
09/15/2023,17:50:11,META,250,300.73,Buy
09/15/2023,17:51:10,META,250,300.74,Sell
09/15/2023,18:04:11,META,250,300.40,Buy
09/15/2023,18:05:11,META,250,300.66,Sell
09/15/2023,18:05:11,META,250,300.62,Buy
09/15/2023,18:06:11,META,250,301.19,Sell
09/15/2023,18:06:11,META,250,301.14,Buy
09/15/2023,18:20:11,META,250,300.64,Buy
09/15/2023,18:21:11,META,250,300.76,Buy
09/15/2023,18:26:11,META,250,300.06,Sell
09/15/2023,18:27:11,META,250,300.27,Sell
09/15/2023,18:28:10,META,250,300.30,Sell
09/15/2023,18:41:11,META,250,300.63,Buy
09/15/2023,18:42:11,META,250,300.77,Sell
09/15/2023,18:42:11,META,250,300.70,Buy
09/15/2023,18:43:10,META,250,300.43,Buy
09/15/2023,18:50:11,META,250,300.90,Sell
09/15/2023,18:51:11,META,250,300.77,Sell
09/15/2023,18:57:11,META,250,300.25,Buy
09/15/2023,19:05:11,META,250,300.09,Buy
09/15/2023,19:06:11,META,250,300.15,Sell
09/15/2023,19:06:11,META,250,300.10,Buy
09/15/2023,19:07:11,META,250,300.16,Sell
09/15/2023,19:17:11,META,250,300.94,Sell
09/15/2023,19:21:11,META,250,300.49,Buy
09/15/2023,19:22:11,META,250,300.37,Buy
09/15/2023,19:32:11,META,250,300.48,Buy
09/18/2023,14:00:11,GOOG,250,139.28,Sell
09/18/2023,14:09:11,GOOG,250,139.59,Sell
09/18/2023,14:15:11,GOOG,250,139.57,Buy
09/18/2023,14:24:11,GOOG,250,139.68,Buy
09/19/2023,13:49:11,MSFT,250,327.56,Sell
09/19/2023,13:50:11,MSFT,250,327.48,Sell
09/19/2023,13:52:11,MSFT,250,327.38,Sell
09/19/2023,14:04:11,MSFT,250,325.58,Buy
09/19/2023,14:05:11,MSFT,250,325.57,Buy
09/19/2023,14:07:11,MSFT,250,325.65,Buy
09/19/2023,15:15:11,AMZN,250,136.04,Sell
09/19/2023,15:19:11,AMZN,250,136.03,Sell
09/19/2023,15:20:11,AMZN,250,136.01,Sell
09/19/2023,15:30:11,AMZN,250,135.78,Buy
09/19/2023,15:34:11,AMZN,250,136.04,Sell
09/19/2023,15:34:11,AMZN,250,136.03,Buy
09/19/2023,15:35:11,AMZN,250,136.03,Sell
09/19/2023,15:35:11,AMZN,250,136.02,Buy
09/19/2023,15:38:11,AMZN,250,135.95,Sell
09/19/2023,15:49:11,AMZN,250,136.06,Buy
09/19/2023,15:50:11,AMZN,250,135.94,Sell
09/19/2023,15:50:11,AMZN,250,135.93,Buy
09/19/2023,15:53:11,AMZN,250,135.95,Sell
09/19/2023,15:53:11,AMZN,250,135.94,Buy
09/19/2023,15:57:11,AMZN,250,136.03,Sell
09/19/2023,16:05:11,AMZN,250,136.10,Buy
09/19/2023,16:08:11,AMZN,250,136.07,Sell
09/19/2023,16:08:11,AMZN,250,136.06,Buy
09/19/2023,16:09:11,AMZN,250,136.09,Sell
09/19/2023,16:12:11,AMZN,250,136.01,Buy
09/19/2023,16:13:11,AMZN,250,136.21,Sell
09/19/2023,16:23:11,AMZN,250,136.23,Buy
09/19/2023,16:24:11,AMZN,250,136.17,Sell
09/19/2023,16:24:11,AMZN,250,136.16,Buy
09/19/2023,16:26:11,AMZN,250,136.22,Sell
09/19/2023,16:28:11,AMZN,250,136.13,Buy
09/19/2023,16:33:11,AMZN,250,136.18,Sell
09/19/2023,16:39:11,AMZN,250,136.35,Buy
09/19/2023,16:40:11,AMZN,250,136.31,Sell
09/19/2023,16:41:11,AMZN,250,136.29,Buy
09/19/2023,16:42:11,AMZN,250,136.32,Sell
09/19/2023,16:48:11,AMZN,250,136.11,Buy
09/19/2023,16:54:11,AMZN,250,136.49,Sell
09/19/2023,16:55:11,AMZN,250,136.46,Buy
09/19/2023,16:56:11,AMZN,250,136.56,Sell
09/19/2023,16:57:11,AMZN,250,136.56,Buy
09/19/2023,16:58:10,AMZN,250,136.57,Sell
09/19/2023,17:09:11,AMZN,250,136.94,Buy
09/19/2023,17:10:11,AMZN,250,136.82,Sell
09/19/2023,17:11:11,AMZN,250,136.80,Buy
09/19/2023,17:12:11,AMZN,250,136.66,Sell
09/19/2023,17:13:11,AMZN,250,136.70,Buy
09/19/2023,17:14:10,AMZN,250,136.66,Sell
09/19/2023,17:25:11,AMZN,250,136.76,Buy
09/19/2023,17:26:11,AMZN,250,136.73,Sell
09/19/2023,17:27:11,AMZN,250,136.65,Buy
09/19/2023,17:29:11,AMZN,250,136.44,Buy
09/19/2023,17:32:11,AMZN,250,136.72,Sell
09/19/2023,17:33:11,AMZN,250,136.77,Sell
09/19/2023,17:41:11,AMZN,250,136.95,Buy
09/19/2023,17:42:11,AMZN,250,136.92,Sell
09/19/2023,17:47:11,AMZN,250,137.19,Buy
09/19/2023,17:48:11,AMZN,250,137.22,Sell
09/19/2023,17:48:11,AMZN,250,137.21,Buy
09/19/2023,17:49:11,AMZN,250,137.24,Sell
09/19/2023,17:57:11,AMZN,250,137.20,Buy
09/19/2023,17:58:11,AMZN,250,137.20,Sell
09/19/2023,18:03:11,AMZN,250,137.30,Buy
09/19/2023,18:04:11,AMZN,250,137.22,Sell
09/19/2023,18:04:11,AMZN,250,137.20,Buy
09/19/2023,18:05:11,AMZN,250,137.29,Sell
09/19/2023,18:13:11,AMZN,250,137.14,Buy
09/19/2023,18:14:11,AMZN,250,137.22,Sell
09/19/2023,18:19:11,AMZN,250,137.13,Buy
09/19/2023,18:20:11,AMZN,250,137.32,Sell
09/19/2023,18:20:11,AMZN,250,137.31,Buy
09/19/2023,18:21:11,AMZN,250,137.26,Sell
09/19/2023,18:29:11,AMZN,250,137.27,Buy
09/19/2023,18:32:11,AMZN,250,137.23,Sell
09/19/2023,18:35:11,AMZN,250,137.41,Buy
09/19/2023,18:36:11,AMZN,250,137.40,Sell
09/19/2023,18:36:11,AMZN,250,137.39,Buy
09/19/2023,18:37:11,AMZN,250,137.48,Sell
09/19/2023,18:47:11,AMZN,250,137.34,Buy
09/19/2023,18:51:11,AMZN,250,137.26,Buy
09/19/2023,18:52:11,AMZN,250,137.17,Buy
09/19/2023,19:15:11,AMZN,250,137.23,Sell
09/19/2023,19:17:11,AMZN,250,137.17,Sell
09/19/2023,19:19:11,AMZN,250,137.22,Sell
09/19/2023,19:30:11,AMZN,250,137.51,Buy
09/19/2023,19:31:11,AMZN,250,137.48,Sell
09/19/2023,19:32:11,AMZN,250,137.46,Buy
09/19/2023,19:33:11,AMZN,250,137.47,Sell
09/19/2023,19:34:11,AMZN,250,137.53,Buy
09/19/2023,19:35:11,AMZN,250,137.52,Sell
09/19/2023,19:46:11,AMZN,250,137.70,Buy
09/19/2023,19:47:11,AMZN,250,137.73,Sell
09/19/2023,19:48:11,AMZN,250,137.70,Buy
09/19/2023,19:49:11,AMZN,250,137.65,Sell
09/19/2023,19:50:11,AMZN,250,137.78,Buy
09/19/2023,19:51:11,AMZN,250,137.74,Sell
09/19/2023,20:02:11,AMZN,250,137.60,Buy
09/19/2023,20:03:55,AMZN,250,137.56,Buy
09/19/2023,20:06:10,AMZN,250,137.53,Buy
09/20/2023,13:30:11,AAPL,250,179.50,Sell
09/20/2023,13:31:11,AAPL,250,179.18,Sell
09/20/2023,13:37:11,META,250,306.01,Sell
09/20/2023,13:38:11,META,250,306.47,Sell
09/20/2023,13:39:11,META,250,306.68,Sell
09/20/2023,13:42:11,AAPL,250,178.69,Sell
09/20/2023,13:45:11,AAPL,250,178.32,Buy
09/20/2023,13:45:11,GOOG,250,138.58,Sell
09/20/2023,13:46:11,GOOG,250,138.70,Sell
09/20/2023,13:46:11,AAPL,250,178.43,Sell
09/20/2023,13:46:11,AAPL,250,178.42,Buy
09/20/2023,13:47:11,GOOG,250,138.69,Sell
09/20/2023,13:47:11,AAPL,250,178.32,Sell
09/20/2023,13:52:11,META,250,307.08,Buy
09/20/2023,13:53:11,META,250,307.01,Buy
09/20/2023,13:54:11,META,250,307.56,Buy
09/20/2023,13:57:11,AAPL,250,178.54,Buy
09/20/2023,13:58:11,AAPL,250,178.33,Sell
09/20/2023,13:59:11,META,250,307.56,Sell
09/20/2023,14:00:11,GOOG,250,138.19,Buy
09/20/2023,14:00:11,META,250,307.47,Sell
09/20/2023,14:01:11,META,250,307.14,Sell
09/20/2023,14:01:11,AAPL,250,178.31,Buy
09/20/2023,14:01:11,GOOG,250,138.16,Buy
09/20/2023,14:02:11,GOOG,250,138.23,Sell
09/20/2023,14:02:11,GOOG,250,138.22,Buy
09/20/2023,14:02:11,AAPL,250,178.38,Sell
09/20/2023,14:02:11,AAPL,250,178.36,Buy
09/20/2023,14:03:11,GOOG,250,138.14,Sell
09/20/2023,14:04:11,GOOG,250,138.02,Sell
09/20/2023,14:07:11,AAPL,250,177.68,Sell
09/20/2023,14:13:11,AAPL,250,177.59,Buy
09/20/2023,14:14:11,META,250,307.47,Buy
09/20/2023,14:15:11,META,250,306.36,Buy
09/20/2023,14:16:11,META,250,306.81,Buy
09/20/2023,14:17:11,AAPL,250,177.34,Buy
09/20/2023,14:17:11,GOOG,250,137.15,Buy
09/20/2023,14:18:11,GOOG,250,137.08,Buy
09/20/2023,14:19:11,GOOG,250,137.14,Buy
09/20/2023,14:22:11,AAPL,250,177.34,Buy
09/20/2023,14:24:11,AAPL,250,177.55,Sell
09/20/2023,14:25:11,AAPL,250,177.51,Sell
09/20/2023,14:26:11,GOOG,250,137.20,Sell
09/20/2023,14:26:11,AAPL,250,177.50,Sell
09/20/2023,14:29:11,GOOG,250,137.36,Sell
09/20/2023,14:30:11,GOOG,250,137.39,Sell
09/20/2023,14:39:11,AAPL,250,177.87,Buy
09/20/2023,14:40:11,AAPL,250,177.93,Buy
09/20/2023,14:41:11,AAPL,250,177.94,Buy
09/20/2023,14:41:11,GOOG,250,137.42,Buy
09/20/2023,14:42:11,AAPL,250,177.94,Sell
09/20/2023,14:42:11,GOOG,250,137.41,Sell
09/20/2023,14:43:11,AAPL,250,177.87,Sell
09/20/2023,14:44:11,AAPL,250,177.86,Sell
09/20/2023,14:44:11,GOOG,250,137.37,Buy
09/20/2023,14:45:11,GOOG,250,137.45,Sell
09/20/2023,14:45:11,GOOG,250,137.44,Buy
09/20/2023,14:46:11,GOOG,250,137.29,Sell
09/20/2023,14:57:11,AAPL,250,177.69,Buy
09/20/2023,14:57:11,GOOG,250,137.38,Buy
09/20/2023,14:58:11,AAPL,250,177.48,Sell
09/20/2023,14:58:11,AAPL,250,177.47,Buy
09/20/2023,14:59:11,AAPL,250,177.43,Buy
09/20/2023,14:59:11,GOOG,250,137.23,Sell
09/20/2023,15:00:11,GOOG,250,137.10,Buy
09/20/2023,15:01:11,GOOG,250,137.07,Sell
09/20/2023,15:01:11,GOOG,250,137.06,Buy
09/20/2023,15:02:11,GOOG,250,137.09,Sell
09/20/2023,15:13:11,AAPL,250,177.32,Buy
09/20/2023,15:14:11,GOOG,250,137.06,Buy
09/20/2023,15:15:11,GOOG,250,137.01,Sell
09/20/2023,15:16:11,GOOG,250,136.86,Buy
09/20/2023,15:17:11,GOOG,250,136.69,Buy
09/20/2023,15:21:11,GOOG,250,136.56,Sell
09/20/2023,15:22:11,GOOG,250,136.48,Sell
09/20/2023,15:30:11,GOOG,250,136.20,Buy
09/20/2023,15:32:11,GOOG,250,136.32,Sell
09/20/2023,15:36:11,GOOG,250,136.55,Buy
09/20/2023,15:37:11,GOOG,250,136.52,Sell
09/20/2023,15:37:11,GOOG,250,136.51,Buy
09/20/2023,15:37:11,AAPL,250,177.27,Sell
09/20/2023,15:38:11,AAPL,250,177.15,Sell
09/20/2023,15:38:11,GOOG,250,136.57,Sell
09/20/2023,15:40:11,AAPL,250,177.08,Sell
09/20/2023,15:47:11,GOOG,250,136.84,Buy
09/20/2023,15:48:11,GOOG,250,136.76,Sell
09/20/2023,15:52:11,AAPL,250,177.39,Buy
09/20/2023,15:52:11,GOOG,250,136.81,Buy
09/20/2023,15:53:11,AAPL,250,177.51,Buy
09/20/2023,15:53:11,GOOG,250,136.89,Sell
09/20/2023,15:53:11,GOOG,250,136.88,Buy
09/20/2023,15:54:11,GOOG,250,136.94,Sell
09/20/2023,15:55:11,AAPL,250,177.52,Buy
09/20/2023,15:57:11,AAPL,250,177.56,Sell
09/20/2023,15:58:11,AAPL,250,177.48,Sell
09/20/2023,15:59:11,AAPL,250,177.49,Sell
09/20/2023,16:03:11,GOOG,250,136.67,Buy
09/20/2023,16:08:11,GOOG,250,136.60,Buy
09/20/2023,16:09:11,GOOG,250,136.63,Buy
09/20/2023,16:12:11,AAPL,250,177.50,Buy
09/20/2023,16:13:11,AAPL,250,177.55,Buy
09/20/2023,16:14:11,AAPL,250,177.54,Buy
09/20/2023,16:30:11,AAPL,250,177.64,Sell
09/20/2023,16:31:11,AAPL,250,177.60,Sell
09/20/2023,16:32:11,AAPL,250,177.62,Sell
09/20/2023,16:45:11,AAPL,250,177.67,Buy
09/20/2023,16:46:11,AAPL,250,177.63,Buy
09/20/2023,16:47:11,AAPL,250,177.63,Buy
09/20/2023,16:50:11,AAPL,250,177.55,Sell
09/20/2023,16:51:11,AAPL,250,177.55,Sell
09/20/2023,16:52:11,AAPL,250,177.57,Sell
09/20/2023,17:05:11,AAPL,250,177.60,Buy
09/20/2023,17:06:11,AAPL,250,177.63,Buy
09/20/2023,17:07:11,AAPL,250,177.59,Buy
09/20/2023,17:23:11,AAPL,250,177.53,Sell
09/20/2023,17:24:11,AAPL,250,177.51,Sell
09/20/2023,17:25:11,AAPL,250,177.51,Sell
09/20/2023,17:38:11,AAPL,250,177.58,Buy
09/20/2023,17:39:10,AAPL,250,177.55,Buy
09/20/2023,17:40:11,AAPL,250,177.56,Buy
09/20/2023,17:42:11,AAPL,250,177.59,Sell
09/20/2023,17:43:11,AAPL,250,177.56,Sell
09/20/2023,17:44:11,AAPL,250,177.57,Sell
09/20/2023,17:57:11,AAPL,250,177.60,Buy
09/20/2023,17:58:11,AAPL,250,177.65,Buy
09/20/2023,17:59:11,AAPL,250,177.70,Buy
09/20/2023,18:03:11,GOOG,250,136.02,Sell
09/20/2023,18:04:11,GOOG,250,135.98,Sell
09/20/2023,18:05:11,GOOG,250,135.99,Sell
09/20/2023,18:11:11,AAPL,250,176.72,Sell
09/20/2023,18:14:11,AAPL,250,177.00,Sell
09/20/2023,18:17:11,AAPL,250,177.20,Sell
09/20/2023,18:18:11,GOOG,250,136.29,Buy
09/20/2023,18:19:11,GOOG,250,136.27,Sell
09/20/2023,18:19:11,GOOG,250,136.25,Buy
09/20/2023,18:20:11,GOOG,250,136.27,Sell
09/20/2023,18:20:11,GOOG,250,136.26,Buy
09/20/2023,18:21:11,GOOG,250,136.16,Sell
09/20/2023,18:26:11,AAPL,250,177.48,Buy
09/20/2023,18:27:11,AAPL,250,177.34,Sell
09/20/2023,18:29:11,AAPL,250,177.26,Buy
09/20/2023,18:30:11,AAPL,250,177.14,Sell
09/20/2023,18:32:11,AAPL,250,177.50,Buy
09/20/2023,18:33:11,AAPL,250,177.65,Sell
09/20/2023,18:34:11,GOOG,250,136.58,Buy
09/20/2023,18:35:11,GOOG,250,136.55,Sell
09/20/2023,18:35:11,GOOG,250,136.53,Buy
09/20/2023,18:36:11,GOOG,250,136.73,Sell
09/20/2023,18:36:11,GOOG,250,136.72,Buy
09/20/2023,18:37:11,GOOG,250,136.52,Sell
09/20/2023,18:42:11,AAPL,250,177.46,Buy
09/20/2023,18:43:11,AAPL,250,177.38,Sell
09/20/2023,18:45:11,AAPL,250,177.55,Buy
09/20/2023,18:46:11,AAPL,250,177.43,Sell
09/20/2023,18:48:11,AAPL,250,177.17,Buy
09/20/2023,18:49:11,AAPL,250,177.13,Sell
09/20/2023,18:50:11,GOOG,250,136.06,Buy
09/20/2023,18:51:11,GOOG,250,136.12,Sell
09/20/2023,18:51:11,GOOG,250,136.11,Buy
09/20/2023,18:52:11,GOOG,250,136.21,Sell
09/20/2023,18:52:11,GOOG,250,136.20,Buy
09/20/2023,18:53:11,GOOG,250,136.39,Sell
09/20/2023,18:58:11,AAPL,250,177.07,Buy
09/20/2023,18:59:11,AAPL,250,177.20,Sell
09/20/2023,19:01:11,AAPL,250,177.21,Buy
09/20/2023,19:02:11,AAPL,250,177.17,Sell
09/20/2023,19:04:11,AAPL,250,176.95,Buy
09/20/2023,19:06:11,GOOG,250,136.20,Buy
09/20/2023,19:07:11,GOOG,250,136.16,Buy
09/20/2023,19:08:11,GOOG,250,135.97,Buy
09/20/2023,19:14:11,AAPL,250,176.64,Buy
09/20/2023,19:17:11,AAPL,250,176.71,Buy
09/20/2023,19:17:11,GOOG,250,135.51,Sell
09/20/2023,19:26:11,AAPL,250,176.76,Sell
09/20/2023,19:28:11,GOOG,250,135.50,Sell
09/20/2023,19:29:11,GOOG,250,135.57,Sell
09/20/2023,19:32:11,GOOG,250,135.34,Buy
09/20/2023,19:38:11,AAPL,250,175.93,Sell
09/20/2023,19:41:11,AAPL,250,175.96,Buy
09/20/2023,19:43:11,GOOG,250,134.85,Buy
09/20/2023,19:44:11,GOOG,250,134.88,Sell
09/20/2023,19:44:11,GOOG,250,134.87,Buy
09/20/2023,19:45:11,GOOG,250,134.92,Sell
09/20/2023,19:46:11,GOOG,250,134.90,Sell
09/20/2023,19:52:11,AAPL,250,175.91,Sell
09/20/2023,19:53:11,AAPL,250,176.03,Buy
09/20/2023,19:59:11,GOOG,250,134.58,Buy
09/20/2023,20:00:10,GOOG,250,134.58,Buy
09/20/2023,20:01:09,GOOG,250,134.58,Buy
09/20/2023,20:07:08,AAPL,250,175.45,Buy
09/21/2023,13:30:11,GOOG,250,131.86,Sell
09/21/2023,13:31:11,GOOG,250,132.16,Sell
09/21/2023,13:31:11,AAPL,250,175.06,Sell
09/21/2023,13:31:11,META,250,297.12,Sell
09/21/2023,13:32:11,GOOG,250,132.03,Sell
09/21/2023,13:32:11,AMZN,250,131.05,Sell
09/21/2023,13:32:11,META,250,298.00,Sell
09/21/2023,13:38:11,AAPL,250,175.53,Sell
09/21/2023,13:39:11,AAPL,250,175.47,Sell
09/21/2023,13:45:11,GOOG,250,132.61,Buy
09/21/2023,13:46:11,META,250,296.64,Buy
09/21/2023,13:46:11,AAPL,250,175.18,Buy
09/21/2023,13:46:11,GOOG,250,132.69,Buy
09/21/2023,13:47:11,META,250,295.26,Buy
09/21/2023,13:47:11,AMZN,250,131.95,Buy
09/21/2023,13:47:11,GOOG,250,132.47,Buy
09/21/2023,13:47:11,AAPL,250,174.94,Sell
09/21/2023,13:53:11,AAPL,250,174.93,Buy
09/21/2023,13:54:11,AAPL,250,174.90,Buy
09/21/2023,14:02:11,AAPL,250,174.67,Buy
09/21/2023,14:31:11,MSFT,250,321.29,Sell
09/21/2023,14:32:11,MSFT,250,321.52,Sell
09/21/2023,14:33:11,MSFT,250,321.29,Sell
09/21/2023,14:46:11,MSFT,250,323.36,Buy
09/21/2023,14:47:11,MSFT,250,323.50,Buy
09/21/2023,14:48:11,MSFT,250,323.05,Buy
09/21/2023,17:12:11,AMZN,250,131.03,Sell
09/21/2023,17:27:11,AMZN,250,130.79,Buy
09/22/2023,13:30:11,AAPL,250,174.44,Buy
09/22/2023,13:31:11,AAPL,250,174.18,Buy
09/22/2023,13:33:11,GOOG,250,131.45,Buy
09/22/2023,13:34:11,GOOG,250,131.37,Buy
09/22/2023,13:35:11,AMZN,250,131.18,Buy
09/22/2023,13:36:11,AMZN,250,131.13,Buy
09/22/2023,13:45:11,AAPL,250,174.42,Sell
09/22/2023,13:46:11,AAPL,250,174.47,Sell
09/22/2023,13:48:11,GOOG,250,131.75,Sell
09/22/2023,13:49:11,GOOG,250,131.73,Sell
09/22/2023,13:50:11,AMZN,250,131.38,Sell
09/22/2023,13:51:11,AMZN,250,131.32,Sell
09/22/2023,19:48:11,META,250,300.04,Buy
09/22/2023,19:49:11,META,250,300.26,Buy
09/22/2023,19:51:11,META,250,299.66,Buy
09/22/2023,20:02:57,META,250,299.13,Sell
09/22/2023,20:03:57,META,250,299.10,Sell
09/22/2023,20:05:55,META,250,299.39,Sell
09/25/2023,13:30:11,AAPL,250,174.73,Buy
09/25/2023,13:31:11,AMZN,250,129.00,Buy
09/25/2023,13:32:11,AMZN,250,128.92,Buy
09/25/2023,13:33:11,AMZN,250,129.11,Buy
09/25/2023,13:45:11,AAPL,250,174.65,Sell
09/25/2023,13:46:11,META,250,297.63,Sell
09/25/2023,13:46:11,AMZN,250,129.79,Sell
09/25/2023,13:47:11,META,250,298.44,Sell
09/25/2023,13:47:11,AMZN,250,130.11,Sell
09/25/2023,13:48:11,AMZN,250,130.16,Sell
09/25/2023,13:48:11,META,250,298.26,Sell
09/25/2023,14:01:11,AMZN,250,131.09,Sell
09/25/2023,14:01:11,META,250,298.51,Buy
09/25/2023,14:02:11,META,250,297.66,Sell
09/25/2023,14:02:11,META,250,297.57,Buy
09/25/2023,14:03:11,META,250,297.70,Buy
09/25/2023,14:16:11,AMZN,250,130.65,Buy
09/25/2023,14:17:11,META,250,298.58,Buy
09/26/2023,13:36:11,AAPL,250,174.62,Sell
09/26/2023,13:38:11,MSFT,250,314.99,Sell
09/26/2023,13:39:11,MSFT,250,315.54,Sell
09/26/2023,13:40:11,AAPL,250,174.53,Sell
09/26/2023,13:40:11,MSFT,250,315.66,Sell
09/26/2023,13:41:11,AAPL,250,174.49,Sell
09/26/2023,13:51:11,AAPL,250,173.51,Buy
09/26/2023,13:53:11,MSFT,250,313.94,Buy
09/26/2023,13:54:11,MSFT,250,313.97,Buy
09/26/2023,13:55:11,AAPL,250,173.46,Buy
09/26/2023,13:55:11,MSFT,250,313.58,Buy
09/26/2023,13:56:11,AAPL,250,173.30,Buy
09/26/2023,14:00:11,META,250,296.94,Buy
09/26/2023,14:01:11,META,250,297.17,Buy
09/26/2023,14:02:11,META,250,297.17,Buy
09/26/2023,14:08:11,AAPL,250,173.37,Sell
09/26/2023,14:09:11,AAPL,250,173.41,Sell
09/26/2023,14:10:11,AAPL,250,173.24,Sell
09/26/2023,14:15:11,META,250,296.70,Sell
09/26/2023,14:16:11,META,250,296.71,Sell
09/26/2023,14:17:11,META,250,296.28,Sell
09/26/2023,14:23:11,AAPL,250,172.81,Buy
09/26/2023,14:24:11,AAPL,250,172.83,Sell
09/26/2023,14:24:11,AAPL,250,172.82,Buy
09/26/2023,14:25:11,AAPL,250,172.90,Sell
09/26/2023,14:25:11,AAPL,250,172.89,Buy
09/26/2023,14:26:11,AAPL,250,172.92,Sell
09/26/2023,14:39:11,AAPL,250,172.94,Buy
09/26/2023,14:40:11,AAPL,250,173.06,Sell
09/26/2023,14:40:11,AAPL,250,173.05,Buy
09/26/2023,14:41:11,AAPL,250,173.12,Sell
09/26/2023,14:41:11,AAPL,250,173.10,Buy
09/26/2023,14:42:11,AAPL,250,173.10,Sell
09/26/2023,14:44:11,GOOG,250,129.05,Sell
09/26/2023,14:45:11,META,250,299.68,Sell
09/26/2023,14:45:11,GOOG,250,129.23,Sell
09/26/2023,14:46:11,META,250,299.82,Sell
09/26/2023,14:46:11,GOOG,250,129.19,Sell
09/26/2023,14:47:11,META,250,299.84,Sell
09/26/2023,14:55:11,AAPL,250,172.83,Buy
09/26/2023,14:56:11,AAPL,250,172.87,Sell
09/26/2023,14:56:11,AAPL,250,172.85,Buy
09/26/2023,14:57:11,AAPL,250,172.97,Sell
09/26/2023,14:57:11,AAPL,250,172.95,Buy
09/26/2023,14:58:11,AAPL,250,172.80,Sell
09/26/2023,14:59:11,GOOG,250,128.68,Buy
09/26/2023,15:00:11,GOOG,250,128.68,Buy
09/26/2023,15:00:11,META,250,299.78,Buy
09/26/2023,15:01:11,META,250,299.80,Buy
09/26/2023,15:01:11,GOOG,250,128.66,Buy
09/26/2023,15:02:09,META,250,299.77,Buy
09/26/2023,15:11:11,AAPL,250,172.59,Buy
09/26/2023,15:12:11,AAPL,250,172.48,Sell
09/26/2023,15:12:11,AAPL,250,172.47,Buy
09/26/2023,15:13:11,AAPL,250,172.50,Sell
09/26/2023,15:13:11,AAPL,250,172.48,Buy
09/26/2023,15:14:11,AAPL,250,172.45,Sell
09/26/2023,15:27:11,AAPL,250,172.69,Buy
09/26/2023,15:28:11,AAPL,250,172.74,Sell
09/26/2023,15:28:11,AAPL,250,172.72,Buy
09/26/2023,15:29:11,AAPL,250,172.68,Sell
09/26/2023,15:29:11,AAPL,250,172.67,Buy
09/26/2023,15:30:11,AAPL,250,172.60,Sell
09/26/2023,15:36:11,AMZN,250,127.36,Sell
09/26/2023,15:37:11,AMZN,250,127.32,Sell
09/26/2023,15:38:11,AMZN,250,127.39,Sell
09/26/2023,15:43:11,GOOG,250,128.76,Sell
09/26/2023,15:43:11,AAPL,250,173.04,Buy
09/26/2023,15:44:11,AAPL,250,173.09,Sell
09/26/2023,15:44:11,AAPL,250,173.08,Buy
09/26/2023,15:44:11,GOOG,250,128.77,Sell
09/26/2023,15:45:11,AAPL,250,173.10,Sell
09/26/2023,15:45:11,AAPL,250,173.09,Buy
09/26/2023,15:46:11,GOOG,250,128.62,Sell
09/26/2023,15:46:11,AAPL,250,173.05,Sell
09/26/2023,15:51:11,AMZN,250,127.19,Buy
09/26/2023,15:52:11,AMZN,250,127.15,Buy
09/26/2023,15:53:11,AMZN,250,127.21,Buy
09/26/2023,15:58:11,GOOG,250,128.38,Buy
09/26/2023,15:59:11,GOOG,250,128.42,Buy
09/26/2023,15:59:11,AAPL,250,172.84,Buy
09/26/2023,16:00:11,AAPL,250,172.88,Sell
09/26/2023,16:00:11,AAPL,250,172.87,Buy
09/26/2023,16:01:11,GOOG,250,128.51,Buy
09/26/2023,16:01:11,AAPL,250,172.96,Sell
09/26/2023,16:01:11,AAPL,250,172.95,Buy
09/26/2023,16:02:11,AAPL,250,172.88,Sell
09/26/2023,16:15:11,AAPL,250,172.88,Buy
09/26/2023,16:16:11,AAPL,250,172.92,Sell
09/26/2023,16:16:11,AAPL,250,172.91,Buy
09/26/2023,16:17:11,AAPL,250,172.97,Sell
09/26/2023,16:17:11,AAPL,250,172.96,Buy
09/26/2023,16:18:11,AAPL,250,172.90,Sell
09/26/2023,16:22:11,AMZN,250,127.46,Sell
09/26/2023,16:24:11,AMZN,250,127.63,Sell
09/26/2023,16:25:11,AMZN,250,127.71,Sell
09/26/2023,16:31:11,AAPL,250,172.95,Buy
09/26/2023,16:32:11,AAPL,250,172.95,Sell
09/26/2023,16:32:11,AAPL,250,172.93,Buy
09/26/2023,16:33:11,AAPL,250,173.02,Sell
09/26/2023,16:33:11,AAPL,250,173.01,Buy
09/26/2023,16:34:11,AAPL,250,173.11,Sell
09/26/2023,16:37:11,AMZN,250,127.97,Buy
09/26/2023,16:39:11,AMZN,250,127.84,Buy
09/26/2023,16:40:11,AMZN,250,127.81,Buy
09/26/2023,16:47:11,AAPL,250,173.15,Buy
09/26/2023,16:48:11,AAPL,250,173.13,Sell
09/26/2023,16:48:11,AAPL,250,173.12,Buy
09/26/2023,16:49:11,AAPL,250,173.10,Sell
09/26/2023,16:49:11,AAPL,250,173.08,Buy
09/26/2023,16:50:11,AAPL,250,173.22,Sell
09/26/2023,17:03:11,AAPL,250,173.36,Buy
09/26/2023,17:04:11,AAPL,250,173.45,Sell
09/26/2023,17:04:11,AAPL,250,173.44,Buy
09/26/2023,17:05:11,AAPL,250,173.34,Sell
09/26/2023,17:05:11,AAPL,250,173.32,Buy
09/26/2023,17:06:11,AAPL,250,173.24,Sell
09/26/2023,17:19:11,AAPL,250,173.19,Buy
09/26/2023,17:20:11,AAPL,250,173.21,Sell
09/26/2023,17:20:11,AAPL,250,173.20,Buy
09/26/2023,17:21:11,AAPL,250,173.17,Sell
09/26/2023,17:21:11,AAPL,250,173.15,Buy
09/26/2023,17:22:11,AAPL,250,173.15,Sell
09/26/2023,17:35:11,AAPL,250,172.87,Buy
09/26/2023,17:36:11,AAPL,250,172.87,Sell
09/26/2023,17:36:11,AAPL,250,172.86,Buy
09/26/2023,17:37:11,AAPL,250,172.73,Buy
09/26/2023,17:48:11,AAPL,250,172.64,Sell
09/26/2023,17:49:11,AAPL,250,172.64,Sell
09/26/2023,17:51:11,AAPL,250,172.69,Buy
09/26/2023,17:52:11,AAPL,250,172.90,Sell
09/26/2023,18:03:11,AAPL,250,172.72,Buy
09/26/2023,18:04:11,AAPL,250,172.69,Sell
09/26/2023,18:04:11,AAPL,250,172.68,Buy
09/26/2023,18:05:11,AAPL,250,172.73,Sell
09/26/2023,18:07:11,AAPL,250,172.73,Buy
09/26/2023,18:08:11,AAPL,250,172.76,Sell
09/26/2023,18:12:11,GOOG,250,129.29,Sell
09/26/2023,18:19:11,AAPL,250,172.53,Buy
09/26/2023,18:20:11,AAPL,250,172.51,Sell
09/26/2023,18:20:11,AAPL,250,172.50,Buy
09/26/2023,18:21:11,AAPL,250,172.47,Sell
09/26/2023,18:23:11,AAPL,250,172.55,Buy
09/26/2023,18:24:11,AAPL,250,172.59,Sell
09/26/2023,18:27:10,GOOG,250,129.20,Buy
09/26/2023,18:35:11,AAPL,250,172.39,Buy
09/26/2023,18:36:11,AAPL,250,172.27,Sell
09/26/2023,18:36:11,AAPL,250,172.26,Buy
09/26/2023,18:37:11,AAPL,250,172.25,Sell
09/26/2023,18:39:11,AAPL,250,172.29,Buy
09/26/2023,18:40:11,AAPL,250,172.23,Sell
09/26/2023,18:51:11,AAPL,250,172.17,Buy
09/26/2023,18:52:11,AAPL,250,172.10,Sell
09/26/2023,18:52:11,AAPL,250,172.09,Buy
09/26/2023,18:53:11,AAPL,250,172.14,Sell
09/26/2023,18:55:11,AAPL,250,172.05,Buy
09/26/2023,18:56:11,AAPL,250,172.21,Sell
09/26/2023,19:07:11,AAPL,250,172.09,Buy
09/26/2023,19:08:11,AAPL,250,172.19,Sell
09/26/2023,19:08:11,AAPL,250,172.18,Buy
09/26/2023,19:09:11,AAPL,250,172.21,Sell
09/26/2023,19:11:11,AAPL,250,172.27,Buy
09/26/2023,19:12:11,AAPL,250,172.27,Sell
09/26/2023,19:12:11,GOOG,250,129.25,Sell
09/26/2023,19:13:11,GOOG,250,129.29,Sell
09/26/2023,19:14:11,GOOG,250,129.20,Sell
09/26/2023,19:23:11,AAPL,250,171.82,Buy
09/26/2023,19:24:11,AAPL,250,171.73,Buy
09/26/2023,19:27:11,GOOG,250,129.04,Buy
09/26/2023,19:27:11,AAPL,250,171.71,Buy
09/26/2023,19:28:11,GOOG,250,129.13,Buy
09/26/2023,19:29:11,GOOG,250,129.23,Sell
09/26/2023,19:29:11,GOOG,250,129.22,Buy
09/26/2023,19:31:11,AAPL,250,171.88,Sell
09/26/2023,19:32:11,GOOG,250,129.16,Sell
09/26/2023,19:32:11,AAPL,250,171.88,Sell
09/26/2023,19:33:11,AAPL,250,171.84,Sell
09/26/2023,19:40:11,GOOG,250,129.16,Sell
09/26/2023,19:44:11,GOOG,250,129.19,Buy
09/26/2023,19:46:11,AAPL,250,172.29,Buy
09/26/2023,19:47:11,GOOG,250,129.24,Buy
09/26/2023,19:47:11,AAPL,250,172.24,Sell
09/26/2023,19:47:11,AAPL,250,172.23,Buy
09/26/2023,19:48:11,AAPL,250,172.11,Sell
09/26/2023,19:48:11,AAPL,250,172.10,Buy
09/26/2023,19:49:11,AAPL,250,172.08,Sell
09/26/2023,19:55:11,GOOG,250,129.33,Buy
09/26/2023,20:02:06,AAPL,250,171.96,Buy
09/26/2023,20:03:11,AAPL,250,171.98,Buy
09/26/2023,20:04:11,AAPL,250,171.96,Buy
09/27/2023,13:32:11,META,250,300.08,Sell
09/27/2023,13:33:11,META,250,300.36,Sell
09/27/2023,13:34:11,META,250,299.62,Sell
09/27/2023,13:47:11,META,250,301.09,Buy
09/27/2023,13:48:11,META,250,300.97,Sell
09/27/2023,13:48:11,META,250,300.85,Buy
09/27/2023,13:49:11,META,250,300.82,Sell
09/27/2023,13:49:11,META,250,300.70,Buy
09/27/2023,13:50:10,META,250,300.51,Sell
09/27/2023,14:03:11,META,250,300.12,Buy
09/27/2023,14:04:11,META,250,300.01,Sell
09/27/2023,14:04:11,META,250,299.93,Buy
09/27/2023,14:05:11,META,250,299.74,Sell
09/27/2023,14:05:11,META,250,299.66,Buy
09/27/2023,14:06:11,META,250,299.25,Sell
09/27/2023,14:10:11,AMZN,250,124.92,Buy
09/27/2023,14:11:11,AMZN,250,124.79,Buy
09/27/2023,14:12:11,AMZN,250,124.78,Buy
09/27/2023,14:19:11,META,250,299.08,Buy
09/27/2023,14:20:11,META,250,299.21,Sell
09/27/2023,14:20:11,META,250,299.12,Buy
09/27/2023,14:21:10,META,250,299.33,Sell
09/27/2023,14:21:10,META,250,299.28,Buy
09/27/2023,14:22:11,META,250,299.38,Sell
09/27/2023,14:25:11,AMZN,250,125.24,Sell
09/27/2023,14:26:11,AMZN,250,125.25,Sell
09/27/2023,14:27:11,AMZN,250,125.34,Sell
09/27/2023,14:35:11,META,250,300.27,Buy
09/27/2023,14:36:11,META,250,300.25,Buy
09/27/2023,14:37:11,META,250,300.24,Buy
09/27/2023,15:00:11,AMZN,250,124.19,Buy
09/27/2023,15:01:11,AMZN,250,124.22,Buy
09/27/2023,15:02:11,AMZN,250,124.39,Buy
09/27/2023,15:15:11,AMZN,250,124.57,Sell
09/27/2023,15:16:11,AMZN,250,124.42,Sell
09/27/2023,15:17:11,AMZN,250,124.56,Sell
09/27/2023,15:30:11,META,250,300.59,Sell
09/27/2023,15:31:11,META,250,300.61,Sell
09/27/2023,15:45:11,META,250,299.37,Buy
09/27/2023,15:46:11,META,250,299.61,Buy
09/27/2023,15:58:11,META,250,300.09,Sell
09/27/2023,15:59:11,META,250,300.00,Sell
09/27/2023,16:00:11,META,250,299.92,Sell
09/27/2023,16:13:11,META,250,299.78,Buy
09/27/2023,16:14:11,META,250,299.62,Buy
09/27/2023,16:15:11,META,250,299.74,Buy
09/27/2023,17:39:11,META,250,294.21,Sell
09/27/2023,17:46:11,META,250,292.92,Buy
09/27/2023,17:47:11,META,250,290.11,Buy
09/27/2023,17:54:11,META,250,292.24,Buy
09/27/2023,18:01:11,META,250,292.06,Sell
09/27/2023,18:02:11,META,250,291.89,Sell
09/27/2023,18:19:11,META,250,291.04,Sell
09/27/2023,18:20:11,META,250,290.77,Sell
09/27/2023,18:21:11,META,250,290.96,Sell
09/27/2023,18:34:11,META,250,293.29,Buy
09/27/2023,18:35:11,META,250,293.64,Sell
09/27/2023,18:35:11,META,250,293.51,Buy
09/27/2023,18:36:11,META,250,294.22,Sell
09/27/2023,18:36:11,META,250,294.15,Buy
09/27/2023,18:37:11,META,250,294.22,Sell
09/27/2023,18:40:11,AAPL,250,170.53,Sell
09/27/2023,18:42:11,AAPL,250,170.61,Sell
09/27/2023,18:43:11,AAPL,250,170.43,Sell
09/27/2023,18:47:11,MSFT,250,313.05,Sell
09/27/2023,18:50:11,META,250,294.65,Buy
09/27/2023,18:51:11,META,250,295.02,Buy
09/27/2023,18:52:11,META,250,294.93,Buy
09/27/2023,18:55:11,AAPL,250,170.32,Buy
09/27/2023,18:57:11,AAPL,250,170.33,Buy
09/27/2023,18:58:11,AAPL,250,170.29,Buy
09/27/2023,19:02:11,MSFT,250,312.75,Buy
09/27/2023,19:03:11,META,250,298.40,Sell
09/27/2023,19:04:11,META,250,299.46,Sell
09/27/2023,19:05:11,META,250,299.69,Sell
09/27/2023,19:18:11,META,250,298.88,Buy
09/27/2023,19:19:11,META,250,298.43,Buy
09/27/2023,19:20:11,META,250,298.59,Buy
09/27/2023,19:55:11,META,250,297.49,Sell
09/27/2023,19:56:11,META,250,297.45,Sell
09/27/2023,19:57:11,META,250,297.65,Sell
09/27/2023,20:09:45,META,250,298.16,Buy
09/27/2023,20:11:04,META,250,298.26,Buy
09/27/2023,20:12:04,META,250,298.16,Buy
09/28/2023,13:30:11,GOOG,250,130.96,Buy
09/28/2023,13:32:11,META,250,298.00,Buy
09/28/2023,13:33:11,META,250,297.33,Buy
09/28/2023,13:34:10,META,250,297.85,Buy
09/28/2023,13:45:11,GOOG,250,130.91,Sell
09/28/2023,13:47:11,META,250,298.77,Sell
09/28/2023,13:47:11,AMZN,250,123.59,Buy
09/28/2023,13:48:11,META,250,299.00,Sell
09/28/2023,13:49:11,META,250,299.19,Sell
09/28/2023,14:02:11,AMZN,250,124.28,Sell
09/28/2023,14:27:11,AMZN,250,124.11,Sell
09/28/2023,14:42:11,AMZN,250,124.10,Buy
09/28/2023,18:37:11,META,250,301.68,Buy
09/28/2023,18:38:11,META,250,301.88,Buy
09/28/2023,18:39:11,META,250,301.94,Buy
09/28/2023,18:52:11,META,250,301.82,Sell
09/28/2023,18:53:11,META,250,301.83,Sell
09/28/2023,18:54:11,META,250,301.61,Sell
09/28/2023,19:52:11,AMZN,250,126.09,Sell
09/28/2023,20:07:02,AMZN,250,125.97,Buy
09/29/2023,13:32:11,MSFT,250,317.35,Buy
09/29/2023,13:38:11,MSFT,250,317.07,Buy
09/29/2023,13:47:11,MSFT,250,318.58,Sell
09/29/2023,13:53:11,MSFT,250,318.69,Sell
10/02/2023,13:32:11,MSFT,250,316.10,Buy
10/02/2023,13:32:11,AMZN,250,126.76,Buy
10/02/2023,13:33:11,AMZN,250,126.81,Buy
10/02/2023,13:34:11,AMZN,250,127.10,Buy
10/02/2023,13:47:11,MSFT,250,317.72,Sell
10/02/2023,13:47:11,AMZN,250,128.55,Sell
10/02/2023,13:48:11,AMZN,250,128.54,Sell
10/02/2023,13:49:11,AMZN,250,128.55,Sell
10/03/2023,13:30:11,MSFT,250,321.09,Sell
10/03/2023,13:32:11,MSFT,250,320.17,Sell
10/03/2023,13:33:11,AAPL,250,172.89,Sell
10/03/2023,13:33:11,MSFT,250,320.59,Sell
10/03/2023,13:37:11,AAPL,250,173.00,Sell
10/03/2023,13:45:11,MSFT,250,319.67,Buy
10/03/2023,13:46:11,MSFT,250,319.90,Sell
10/03/2023,13:47:11,MSFT,250,319.30,Buy
10/03/2023,13:48:11,MSFT,250,319.35,Buy
10/03/2023,13:48:11,AAPL,250,173.01,Buy
10/03/2023,13:52:11,AAPL,250,173.47,Buy
10/03/2023,13:55:11,META,250,306.62,Sell
10/03/2023,13:56:11,META,250,306.42,Sell
10/03/2023,13:57:10,META,250,306.22,Sell
10/03/2023,14:01:11,MSFT,250,319.71,Buy
10/03/2023,14:10:11,META,250,303.58,Buy
10/03/2023,14:11:11,META,250,303.42,Buy
10/03/2023,14:12:11,META,250,303.49,Buy
10/03/2023,14:13:11,MSFT,250,317.82,Buy
10/03/2023,14:15:11,MSFT,250,317.08,Buy
10/03/2023,14:16:11,AAPL,250,171.08,Buy
10/03/2023,14:16:11,MSFT,250,316.77,Buy
10/03/2023,14:17:11,AAPL,250,171.05,Buy
10/03/2023,14:18:11,AAPL,250,170.94,Buy
10/03/2023,14:28:11,MSFT,250,315.89,Sell
10/03/2023,14:29:11,MSFT,250,315.77,Buy
10/03/2023,14:30:11,MSFT,250,315.85,Sell
10/03/2023,14:31:11,AAPL,250,171.31,Sell
10/03/2023,14:31:11,MSFT,250,315.97,Sell
10/03/2023,14:32:11,AAPL,250,171.39,Sell
10/03/2023,14:33:11,AAPL,250,171.63,Sell
10/03/2023,14:44:11,MSFT,250,315.85,Sell
10/03/2023,14:57:11,MSFT,250,314.53,Buy
10/03/2023,14:58:11,MSFT,250,314.44,Buy
10/03/2023,14:59:11,MSFT,250,314.23,Buy
10/03/2023,15:07:11,AMZN,250,125.14,Buy
10/03/2023,15:12:11,MSFT,250,313.93,Sell
10/03/2023,15:13:11,MSFT,250,313.93,Sell
10/03/2023,15:14:11,MSFT,250,313.83,Sell
10/03/2023,15:22:11,AMZN,250,125.21,Sell
10/04/2023,13:30:11,MSFT,250,314.69,Buy
10/04/2023,13:31:11,MSFT,250,315.23,Buy
10/04/2023,13:32:11,AMZN,250,126.13,Buy
10/04/2023,13:32:11,MSFT,250,314.93,Buy
10/04/2023,13:33:11,AMZN,250,126.32,Buy
10/04/2023,13:34:11,AMZN,250,126.23,Buy
10/04/2023,13:45:11,MSFT,250,316.99,Sell
10/04/2023,13:46:11,MSFT,250,316.94,Sell
10/04/2023,13:47:11,AMZN,250,126.58,Sell
10/04/2023,13:47:11,MSFT,250,316.92,Sell
10/04/2023,13:48:11,AMZN,250,127.10,Sell
10/04/2023,13:49:11,AMZN,250,127.21,Sell
10/04/2023,14:51:11,MSFT,250,316.96,Buy
10/04/2023,14:52:11,MSFT,250,317.02,Buy
10/04/2023,14:53:11,MSFT,250,317.04,Buy
10/04/2023,15:06:11,MSFT,250,317.33,Sell
10/04/2023,15:07:11,MSFT,250,317.45,Sell
10/04/2023,15:08:11,MSFT,250,317.57,Sell
10/05/2023,13:34:11,META,250,304.18,Sell
10/05/2023,13:35:11,META,250,304.57,Sell
10/05/2023,13:36:11,META,250,304.66,Sell
10/05/2023,13:49:11,META,250,301.25,Buy
10/05/2023,13:50:11,META,250,300.15,Buy
10/05/2023,13:51:11,META,250,300.04,Buy
10/05/2023,14:05:11,AMZN,250,125.02,Buy
10/05/2023,14:06:11,AMZN,250,125.11,Buy
10/05/2023,14:07:11,AMZN,250,125.11,Buy
10/05/2023,14:20:11,AMZN,250,125.28,Sell
10/05/2023,14:21:11,AMZN,250,125.43,Sell
10/05/2023,14:22:11,AMZN,250,125.26,Sell
10/06/2023,13:41:11,META,250,301.13,Buy
10/06/2023,13:42:11,META,250,301.80,Buy
10/06/2023,13:43:11,META,250,301.83,Buy
10/06/2023,13:52:11,MSFT,250,319.30,Sell
10/06/2023,13:56:11,META,250,302.00,Sell
10/06/2023,13:57:11,META,250,301.25,Sell
10/06/2023,13:58:11,META,250,301.86,Sell
10/06/2023,14:00:11,META,250,302.18,Sell
10/06/2023,14:07:11,MSFT,250,318.34,Buy
10/06/2023,14:15:11,META,250,303.29,Sell
10/06/2023,14:15:11,META,250,303.23,Buy
10/06/2023,14:16:11,META,250,303.46,Sell
10/06/2023,14:17:11,META,250,303.51,Sell
10/06/2023,14:23:11,MSFT,250,320.34,Sell
10/06/2023,14:24:11,MSFT,250,320.76,Sell
10/06/2023,14:25:11,MSFT,250,320.84,Sell
10/06/2023,14:30:11,META,250,305.75,Buy
10/06/2023,14:31:11,META,250,305.69,Sell
10/06/2023,14:31:11,META,250,305.59,Buy
10/06/2023,14:32:11,META,250,305.98,Sell
10/06/2023,14:32:11,META,250,305.92,Buy
10/06/2023,14:36:11,META,250,305.96,Sell
10/06/2023,14:38:11,MSFT,250,321.68,Buy
10/06/2023,14:39:11,MSFT,250,321.99,Sell
10/06/2023,14:39:11,MSFT,250,321.96,Buy
10/06/2023,14:40:11,MSFT,250,321.50,Sell
10/06/2023,14:40:11,MSFT,250,321.46,Buy
10/06/2023,14:41:11,MSFT,250,321.83,Sell
10/06/2023,14:46:11,META,250,306.49,Buy
10/06/2023,14:47:11,META,250,306.39,Sell
10/06/2023,14:47:11,META,250,306.33,Buy
10/06/2023,14:48:11,META,250,307.41,Sell
10/06/2023,14:51:11,META,250,306.95,Buy
10/06/2023,14:52:11,META,250,306.94,Sell
10/06/2023,14:54:11,MSFT,250,321.65,Buy
10/06/2023,14:55:11,MSFT,250,321.60,Buy
10/06/2023,14:56:11,MSFT,250,321.56,Buy
10/06/2023,15:02:11,META,250,307.68,Buy
10/06/2023,15:03:11,META,250,307.56,Sell
10/06/2023,15:03:11,META,250,307.50,Buy
10/06/2023,15:04:11,META,250,307.39,Sell
10/06/2023,15:06:11,MSFT,250,322.55,Sell
10/06/2023,15:07:11,META,250,307.79,Buy
10/06/2023,15:07:11,MSFT,250,322.73,Sell
10/06/2023,15:08:11,META,250,307.82,Sell
10/06/2023,15:08:11,MSFT,250,322.69,Sell
10/06/2023,15:18:11,META,250,307.51,Buy
10/06/2023,15:19:11,META,250,307.67,Buy
10/06/2023,15:21:11,MSFT,250,323.59,Buy
10/06/2023,15:22:11,MSFT,250,323.41,Sell
10/06/2023,15:22:11,MSFT,250,323.38,Buy
10/06/2023,15:23:11,MSFT,250,323.35,Sell
10/06/2023,15:23:11,MSFT,250,323.31,Buy
10/06/2023,15:23:11,META,250,307.31,Buy
10/06/2023,15:24:11,MSFT,250,323.26,Sell
10/06/2023,15:31:11,META,250,308.43,Sell
10/06/2023,15:32:11,META,250,308.49,Sell
10/06/2023,15:33:11,META,250,309.09,Sell
10/06/2023,15:37:11,MSFT,250,324.54,Buy
10/06/2023,15:38:11,MSFT,250,324.73,Buy
10/06/2023,15:39:11,MSFT,250,324.64,Buy
10/06/2023,15:42:11,MSFT,250,324.45,Sell
10/06/2023,15:43:11,MSFT,250,324.88,Sell
10/06/2023,15:44:11,MSFT,250,324.76,Sell
10/06/2023,15:46:11,META,250,309.37,Buy
10/06/2023,15:47:11,META,250,309.53,Sell
10/06/2023,15:47:11,META,250,309.46,Buy
10/06/2023,15:48:11,META,250,309.45,Sell
10/06/2023,15:48:11,META,250,309.38,Buy
10/06/2023,15:49:11,META,250,309.27,Sell
10/06/2023,15:57:11,MSFT,250,325.19,Buy
10/06/2023,15:58:11,MSFT,250,325.37,Buy
10/06/2023,15:59:11,MSFT,250,325.35,Buy
10/06/2023,16:02:11,META,250,310.71,Buy
10/06/2023,16:03:11,META,250,310.70,Sell
10/06/2023,16:03:11,META,250,310.61,Buy
10/06/2023,16:04:11,META,250,310.51,Sell
10/06/2023,16:04:11,META,250,310.45,Buy
10/06/2023,16:05:11,META,250,310.75,Sell
10/06/2023,16:18:11,META,250,311.52,Buy
10/06/2023,16:19:11,META,250,311.26,Buy
10/06/2023,16:20:11,META,250,311.20,Buy
10/06/2023,16:21:11,META,250,310.77,Sell
10/06/2023,16:22:11,META,250,310.89,Sell
10/06/2023,16:36:11,META,250,310.71,Buy
10/06/2023,16:37:11,META,250,310.55,Buy
10/06/2023,17:16:11,META,250,312.40,Sell
10/06/2023,17:17:11,META,250,312.50,Sell
10/06/2023,17:31:11,META,250,313.28,Buy
10/06/2023,17:32:08,META,250,313.31,Buy
10/06/2023,18:39:11,MSFT,250,328.04,Sell
10/06/2023,18:40:11,MSFT,250,327.96,Sell
10/06/2023,18:41:11,MSFT,250,327.95,Sell
10/06/2023,18:44:11,META,250,313.63,Sell
10/06/2023,18:45:11,META,250,313.66,Sell
10/06/2023,18:46:11,META,250,313.82,Sell
10/06/2023,18:54:11,MSFT,250,328.02,Buy
10/06/2023,18:55:11,MSFT,250,327.97,Buy
10/06/2023,18:56:11,MSFT,250,327.85,Buy
10/06/2023,18:59:11,META,250,313.93,Buy
10/06/2023,19:00:11,META,250,313.52,Buy
10/06/2023,19:01:11,META,250,313.44,Buy
10/06/2023,19:16:11,MSFT,250,328.00,Sell
10/06/2023,19:19:11,MSFT,250,327.96,Sell
10/06/2023,19:20:11,MSFT,250,328.12,Sell
10/06/2023,19:25:11,META,250,314.45,Sell
10/06/2023,19:26:11,META,250,314.53,Sell
10/06/2023,19:27:11,META,250,314.55,Sell
10/06/2023,19:31:11,MSFT,250,328.73,Buy
10/06/2023,19:32:11,MSFT,250,328.64,Sell
10/06/2023,19:34:11,MSFT,250,328.37,Buy
10/06/2023,19:35:11,MSFT,250,328.54,Sell
10/06/2023,19:35:11,MSFT,250,328.52,Buy
10/06/2023,19:36:11,MSFT,250,328.55,Sell
10/06/2023,19:40:11,META,250,315.52,Buy
10/06/2023,19:41:11,META,250,315.44,Buy
10/06/2023,19:42:11,META,250,315.44,Buy
10/06/2023,19:43:11,META,250,315.26,Sell
10/06/2023,19:44:11,META,250,315.29,Sell
10/06/2023,19:45:11,META,250,315.33,Sell
10/06/2023,19:47:11,MSFT,250,328.60,Buy
10/06/2023,19:48:11,MSFT,250,328.46,Sell
10/06/2023,19:50:11,MSFT,250,328.24,Buy
10/06/2023,19:51:11,MSFT,250,328.25,Sell
10/06/2023,19:51:11,MSFT,250,328.22,Buy
10/06/2023,19:52:11,MSFT,250,328.20,Sell
10/06/2023,19:58:11,META,250,315.51,Buy
10/06/2023,19:59:11,META,250,315.36,Buy
10/06/2023,20:00:10,META,250,315.31,Buy
10/06/2023,20:03:09,MSFT,250,327.41,Buy
10/06/2023,20:05:58,MSFT,250,327.48,Buy
10/06/2023,20:07:09,MSFT,250,327.71,Buy
10/09/2023,13:49:11,MSFT,250,326.70,Sell
10/09/2023,13:50:11,MSFT,250,327.09,Sell
10/09/2023,13:50:11,GOOG,250,138.46,Sell
10/09/2023,13:51:11,MSFT,250,326.56,Sell
10/09/2023,13:51:11,GOOG,250,138.28,Sell
10/09/2023,13:52:11,GOOG,250,138.43,Sell
10/09/2023,14:04:11,MSFT,250,326.11,Buy
10/09/2023,14:05:11,GOOG,250,138.22,Buy
10/09/2023,14:05:11,MSFT,250,325.84,Buy
10/09/2023,14:06:11,GOOG,250,138.47,Buy
10/09/2023,14:06:11,MSFT,250,326.36,Buy
10/09/2023,14:07:11,GOOG,250,138.55,Sell
10/09/2023,14:07:11,GOOG,250,138.54,Buy
10/09/2023,14:09:11,GOOG,250,138.66,Sell
10/09/2023,14:12:11,GOOG,250,138.70,Sell
10/09/2023,14:22:11,GOOG,250,138.73,Buy
10/09/2023,14:24:11,GOOG,250,138.95,Buy
10/09/2023,14:27:10,GOOG,250,138.86,Buy
10/09/2023,18:06:11,AMZN,250,128.05,Sell
10/09/2023,18:21:11,AMZN,250,128.14,Buy
10/10/2023,13:32:11,META,250,318.75,Buy
10/10/2023,13:33:11,META,250,319.93,Buy
10/10/2023,13:34:11,META,250,320.45,Buy
10/10/2023,13:47:11,META,250,319.64,Sell
10/10/2023,13:48:11,META,250,319.02,Buy
10/10/2023,13:48:11,META,250,319.19,Sell
10/10/2023,13:49:11,META,250,319.01,Sell
10/10/2023,14:03:11,META,250,320.64,Sell
10/10/2023,17:17:11,AAPL,250,178.29,Buy
10/10/2023,17:18:11,AAPL,250,178.24,Buy
10/10/2023,17:19:11,AAPL,250,178.33,Buy
10/10/2023,17:32:11,AAPL,250,178.48,Sell
10/10/2023,17:33:11,AAPL,250,178.26,Sell
10/10/2023,17:34:11,AAPL,250,178.32,Sell
10/11/2023,13:30:11,AMZN,250,130.01,Buy
10/11/2023,13:40:11,META,250,326.90,Sell
10/11/2023,13:41:11,META,250,327.24,Sell
10/11/2023,13:45:11,AMZN,250,130.47,Sell
10/11/2023,13:55:11,META,250,327.40,Buy
10/11/2023,13:56:11,META,250,327.03,Buy
10/11/2023,19:57:11,AAPL,250,179.73,Sell
10/11/2023,19:58:11,AAPL,250,179.73,Sell
10/11/2023,19:59:11,AAPL,250,179.74,Sell
10/11/2023,20:12:11,AAPL,250,180.02,Buy
10/11/2023,20:12:47,AAPL,250,179.96,Buy
10/11/2023,20:14:10,AAPL,250,180.03,Buy
10/12/2023,13:33:11,META,250,328.45,Sell
10/12/2023,13:35:11,META,250,327.51,Sell
10/12/2023,13:36:11,META,250,327.15,Sell
10/12/2023,13:48:11,META,250,327.29,Buy
10/12/2023,13:49:11,META,250,327.53,Sell
10/12/2023,13:50:11,META,250,327.35,Buy
10/12/2023,13:51:11,META,250,327.48,Sell
10/12/2023,13:51:11,META,250,327.36,Buy
10/12/2023,13:52:11,META,250,327.83,Sell
10/12/2023,14:04:11,META,250,327.33,Buy
10/12/2023,14:06:10,META,250,327.89,Buy
10/12/2023,14:07:11,META,250,328.34,Sell
10/12/2023,14:07:11,META,250,328.28,Buy
10/12/2023,14:08:11,META,250,328.41,Sell
10/12/2023,14:09:11,META,250,329.41,Sell
10/12/2023,14:13:11,AMZN,250,133.53,Sell
10/12/2023,14:15:11,AMZN,250,133.73,Sell
10/12/2023,14:22:11,META,250,329.68,Buy
10/12/2023,14:23:11,META,250,330.12,Buy
10/12/2023,14:24:11,META,250,330.25,Buy
10/12/2023,14:27:11,AMZN,250,134.26,Sell
10/12/2023,14:28:11,AMZN,250,134.36,Buy
10/12/2023,14:29:11,AMZN,250,133.97,Sell
10/12/2023,14:30:11,AMZN,250,133.48,Buy
10/12/2023,14:42:11,AMZN,250,133.85,Buy
10/12/2023,14:44:11,AMZN,250,133.98,Buy
10/12/2023,17:11:11,AMZN,250,132.54,Buy
10/12/2023,17:12:11,AMZN,250,132.59,Buy
10/12/2023,17:13:11,AMZN,250,132.50,Buy
10/12/2023,17:19:11,AAPL,250,180.58,Buy
10/12/2023,17:20:11,AAPL,250,180.72,Buy
10/12/2023,17:26:11,AMZN,250,131.90,Sell
10/12/2023,17:27:11,AMZN,250,131.93,Buy
10/12/2023,17:27:11,AMZN,250,131.94,Sell
10/12/2023,17:28:11,AMZN,250,131.95,Buy
10/12/2023,17:28:11,AMZN,250,131.96,Sell
10/12/2023,17:34:11,AAPL,250,180.52,Sell
10/12/2023,17:35:11,AAPL,250,180.42,Sell
10/12/2023,17:42:11,AMZN,250,131.76,Sell
10/12/2023,17:43:11,AMZN,250,131.77,Sell
10/12/2023,17:48:11,META,250,326.79,Sell
10/12/2023,18:03:11,META,250,325.68,Buy
10/13/2023,13:32:11,META,250,323.56,Sell
10/13/2023,13:32:11,AMZN,250,133.10,Sell
10/13/2023,13:32:11,MSFT,250,332.31,Sell
10/13/2023,13:33:11,AMZN,250,132.55,Sell
10/13/2023,13:33:11,GOOG,250,140.99,Sell
10/13/2023,13:33:11,MSFT,250,332.31,Sell
10/13/2023,13:33:11,META,250,323.56,Sell
10/13/2023,13:34:11,GOOG,250,141.11,Sell
10/13/2023,13:34:11,META,250,324.06,Sell
10/13/2023,13:34:11,MSFT,250,332.39,Sell
10/13/2023,13:35:11,GOOG,250,141.17,Sell
10/13/2023,13:42:11,AMZN,250,132.14,Sell
10/13/2023,13:47:11,MSFT,250,332.61,Buy
10/13/2023,13:47:11,META,250,323.13,Buy
10/13/2023,13:47:11,AMZN,250,131.91,Buy
10/13/2023,13:48:10,MSFT,250,332.13,Buy
10/13/2023,13:48:11,GOOG,250,140.84,Buy
10/13/2023,13:48:11,AMZN,250,131.73,Buy
10/13/2023,13:48:11,META,250,322.45,Sell
10/13/2023,13:48:11,META,250,322.35,Buy
10/13/2023,13:49:10,MSFT,250,332.48,Sell
10/13/2023,13:49:10,MSFT,250,332.41,Buy
10/13/2023,13:49:11,META,250,322.51,Sell
10/13/2023,13:49:11,META,250,322.38,Buy
10/13/2023,13:49:11,GOOG,250,140.79,Buy
10/13/2023,13:50:11,META,250,322.90,Sell
10/13/2023,13:50:11,MSFT,250,332.96,Sell
10/13/2023,13:50:11,GOOG,250,140.93,Buy
10/13/2023,13:51:11,MSFT,250,332.74,Sell
10/13/2023,13:57:11,AMZN,250,132.41,Buy
10/13/2023,14:03:11,META,250,321.85,Buy
10/13/2023,14:04:11,META,250,322.00,Sell
10/13/2023,14:04:11,META,250,321.97,Buy
10/13/2023,14:04:11,MSFT,250,333.32,Buy
10/13/2023,14:05:11,MSFT,250,333.21,Buy
10/13/2023,14:05:11,META,250,322.00,Sell
10/13/2023,14:05:11,META,250,321.92,Buy
10/13/2023,14:06:11,META,250,321.67,Sell
10/13/2023,14:06:11,MSFT,250,333.01,Buy
10/13/2023,14:19:11,META,250,321.89,Buy
10/13/2023,14:20:11,META,250,321.86,Sell
10/13/2023,14:20:11,META,250,321.75,Buy
10/13/2023,14:21:11,META,250,322.03,Sell
10/13/2023,14:21:11,META,250,321.96,Buy
10/13/2023,14:22:11,META,250,321.66,Sell
10/13/2023,14:35:11,META,250,321.40,Buy
10/13/2023,14:36:11,META,250,321.28,Buy
10/13/2023,14:37:11,META,250,321.32,Buy
10/13/2023,14:53:11,META,250,318.92,Sell
10/13/2023,14:54:11,META,250,318.82,Sell
10/13/2023,14:55:11,META,250,319.45,Sell
10/13/2023,15:08:11,META,250,318.48,Buy
10/13/2023,15:09:11,META,250,318.58,Buy
10/13/2023,15:10:11,META,250,319.23,Buy
10/13/2023,17:33:11,META,250,312.75,Sell
10/13/2023,17:44:11,MSFT,250,327.74,Sell
10/13/2023,17:48:11,META,250,314.22,Buy
10/13/2023,17:59:11,MSFT,250,328.08,Buy
10/16/2023,13:40:11,META,250,317.59,Buy
10/16/2023,13:41:11,META,250,318.00,Buy
10/16/2023,13:46:11,META,250,316.16,Buy
10/16/2023,13:55:11,META,250,316.42,Sell
10/16/2023,13:56:11,META,250,316.29,Sell
10/16/2023,14:01:11,META,250,316.89,Sell
10/17/2023,13:33:11,MSFT,250,329.96,Sell
10/17/2023,13:34:11,MSFT,250,329.58,Sell
10/17/2023,13:35:11,MSFT,250,330.19,Sell
10/17/2023,13:38:11,GOOG,250,139.93,Sell
10/17/2023,13:48:11,MSFT,250,328.26,Buy
10/17/2023,13:49:11,MSFT,250,328.49,Buy
10/17/2023,13:50:11,MSFT,250,328.58,Buy
10/17/2023,13:53:11,GOOG,250,138.55,Buy
10/17/2023,14:15:11,AMZN,250,130.68,Sell
10/17/2023,14:16:11,AMZN,250,130.70,Sell
10/17/2023,14:17:11,AMZN,250,130.64,Sell
10/17/2023,14:24:11,MSFT,250,332.05,Sell
10/17/2023,14:25:11,MSFT,250,331.94,Sell
10/17/2023,14:26:11,MSFT,250,331.93,Sell
10/17/2023,14:30:11,AMZN,250,130.74,Buy
10/17/2023,14:31:11,AMZN,250,130.63,Buy
10/17/2023,14:32:11,AMZN,250,130.64,Buy
10/17/2023,14:38:11,AAPL,250,177.19,Sell
10/17/2023,14:39:11,MSFT,250,331.93,Buy
10/17/2023,14:39:11,AAPL,250,176.99,Sell
10/17/2023,14:40:11,AAPL,250,177.02,Sell
10/17/2023,14:40:11,MSFT,250,331.76,Buy
10/17/2023,14:41:11,MSFT,250,331.79,Buy
10/17/2023,14:53:11,AAPL,250,176.75,Buy
10/17/2023,14:54:11,AAPL,250,176.63,Buy
10/17/2023,14:55:11,AAPL,250,176.66,Buy
10/18/2023,13:32:11,GOOG,250,141.20,Sell
10/18/2023,13:33:11,META,250,323.94,Sell
10/18/2023,13:33:11,GOOG,250,141.37,Sell
10/18/2023,13:34:11,GOOG,250,141.73,Sell
10/18/2023,13:36:11,META,250,324.70,Sell
10/18/2023,13:38:11,META,250,324.66,Sell
10/18/2023,13:47:11,GOOG,250,141.27,Buy
10/18/2023,13:48:11,META,250,323.08,Buy
10/18/2023,13:48:11,GOOG,250,141.42,Buy
10/18/2023,13:49:11,META,250,322.96,Sell
10/18/2023,13:49:11,GOOG,250,141.31,Buy
10/18/2023,13:51:11,META,250,321.96,Buy
10/18/2023,13:53:11,META,250,322.86,Buy
10/18/2023,14:04:11,META,250,322.15,Buy
10/18/2023,15:15:11,META,250,319.30,Sell
10/18/2023,15:16:11,META,250,319.69,Sell
10/18/2023,15:17:11,META,250,319.60,Sell
10/18/2023,15:30:11,META,250,319.59,Buy
10/18/2023,15:31:11,META,250,319.71,Buy
10/18/2023,15:32:11,META,250,319.95,Buy
10/18/2023,17:59:11,META,250,320.69,Sell
10/18/2023,18:00:11,META,250,320.64,Sell
10/18/2023,18:14:11,META,250,319.53,Buy
10/18/2023,18:15:11,META,250,319.46,Buy
10/19/2023,13:30:11,MSFT,250,333.00,Buy
10/19/2023,13:32:11,AMZN,250,131.04,Buy
10/19/2023,13:32:11,META,250,320.87,Sell
10/19/2023,13:32:11,MSFT,250,333.13,Buy
10/19/2023,13:33:11,AMZN,250,131.00,Buy
10/19/2023,13:33:11,MSFT,250,334.26,Buy
10/19/2023,13:45:11,AMZN,250,130.58,Buy
10/19/2023,13:45:11,MSFT,250,333.20,Sell
10/19/2023,13:47:11,META,250,318.06,Buy
10/19/2023,13:47:11,AMZN,250,131.04,Sell
10/19/2023,13:47:11,MSFT,250,333.18,Sell
10/19/2023,13:48:11,MSFT,250,333.36,Sell
10/19/2023,13:48:11,AMZN,250,131.22,Sell
10/19/2023,14:00:11,AMZN,250,130.60,Sell
10/19/2023,16:30:11,AAPL,250,176.70,Sell
10/19/2023,16:39:11,AMZN,250,128.97,Buy
10/19/2023,16:39:11,GOOG,250,138.88,Buy
10/19/2023,16:45:11,AAPL,250,175.92,Buy
10/19/2023,16:54:11,GOOG,250,140.19,Sell
10/19/2023,16:54:11,AMZN,250,129.77,Sell
10/19/2023,16:56:11,AAPL,250,176.87,Sell
10/19/2023,16:57:11,AAPL,250,177.01,Sell
10/19/2023,17:11:11,AAPL,250,177.69,Buy
10/19/2023,17:12:11,AAPL,250,177.69,Buy
10/20/2023,13:32:11,META,250,313.42,Sell
10/20/2023,13:33:11,META,250,313.01,Sell
10/20/2023,13:34:11,META,250,313.27,Sell
10/20/2023,13:35:11,MSFT,250,329.61,Sell
10/20/2023,13:36:11,MSFT,250,330.12,Sell
10/20/2023,13:47:11,META,250,313.27,Buy
10/20/2023,13:48:11,META,250,313.98,Buy
10/20/2023,13:49:11,META,250,314.01,Buy
10/20/2023,13:50:11,MSFT,250,330.65,Buy
10/20/2023,13:51:11,MSFT,250,330.12,Buy
10/20/2023,14:12:11,AMZN,250,125.42,Buy
10/20/2023,14:13:11,AMZN,250,125.43,Buy
10/20/2023,14:27:11,AMZN,250,125.40,Sell
10/20/2023,14:28:11,AMZN,250,125.36,Sell
10/23/2023,13:30:11,AMZN,250,124.68,Buy
10/23/2023,13:31:11,AMZN,250,124.46,Buy
10/23/2023,13:32:11,AMZN,250,124.45,Buy
10/23/2023,13:33:11,META,250,309.53,Buy
10/23/2023,13:35:11,META,250,309.73,Buy
10/23/2023,13:36:11,META,250,308.71,Buy
10/23/2023,13:45:11,AMZN,250,124.13,Sell
10/23/2023,13:46:11,AMZN,250,124.18,Sell
10/23/2023,13:47:11,AMZN,250,124.10,Sell
10/23/2023,13:48:11,META,250,308.21,Sell
10/23/2023,13:50:11,META,250,309.34,Sell
10/23/2023,13:51:11,META,250,308.84,Sell
10/23/2023,14:06:11,AAPL,250,171.66,Sell
10/23/2023,14:07:11,AAPL,250,171.51,Sell
10/23/2023,14:08:11,AAPL,250,171.68,Sell
10/23/2023,14:21:11,AAPL,250,171.33,Buy
10/23/2023,14:22:11,AAPL,250,171.47,Buy
10/23/2023,14:23:11,AAPL,250,171.61,Buy
10/23/2023,19:59:11,MSFT,250,329.37,Buy
10/23/2023,20:14:08,MSFT,250,330.09,Sell
10/24/2023,13:30:11,AMZN,250,127.85,Buy
10/24/2023,13:31:11,AMZN,250,127.89,Buy
10/24/2023,13:32:11,MSFT,250,330.71,Buy
10/24/2023,13:32:11,AMZN,250,127.47,Buy
10/24/2023,13:33:11,MSFT,250,330.01,Buy
10/24/2023,13:34:11,MSFT,250,330.86,Buy
10/24/2023,13:41:11,GOOG,250,139.95,Sell
10/24/2023,13:42:11,GOOG,250,139.74,Sell
10/24/2023,13:45:11,AMZN,250,127.86,Sell
10/24/2023,13:46:11,AMZN,250,127.48,Sell
10/24/2023,13:47:11,MSFT,250,330.05,Sell
10/24/2023,13:47:11,AMZN,250,127.86,Sell
10/24/2023,13:48:11,MSFT,250,329.98,Sell
10/24/2023,13:49:11,MSFT,250,329.91,Sell
10/24/2023,13:51:11,META,250,314.46,Sell
10/24/2023,13:52:11,META,250,315.71,Sell
10/24/2023,13:53:11,META,250,315.11,Sell
10/24/2023,13:56:11,GOOG,250,139.81,Buy
10/24/2023,13:57:11,GOOG,250,139.81,Buy
10/24/2023,14:06:11,META,250,315.83,Buy
10/24/2023,14:07:11,META,250,316.55,Sell
10/24/2023,14:07:11,META,250,316.46,Buy
10/24/2023,14:08:11,META,250,316.55,Sell
10/24/2023,14:08:11,META,250,316.40,Buy
10/24/2023,14:09:11,META,250,317.00,Sell
10/24/2023,14:22:11,META,250,315.86,Buy
10/24/2023,14:23:11,META,250,316.09,Buy
10/24/2023,14:24:11,META,250,316.70,Buy
10/24/2023,15:10:11,MSFT,250,330.78,Buy
10/24/2023,15:11:11,MSFT,250,330.90,Buy
10/24/2023,15:13:11,MSFT,250,331.02,Buy
10/24/2023,15:25:11,MSFT,250,330.46,Sell
10/24/2023,15:26:11,MSFT,250,330.64,Buy
10/24/2023,15:26:11,MSFT,250,330.67,Sell
10/24/2023,15:27:11,MSFT,250,330.43,Buy
10/24/2023,15:28:11,MSFT,250,330.48,Sell
10/24/2023,15:29:11,MSFT,250,330.28,Buy
10/24/2023,15:41:11,MSFT,250,329.69,Sell
10/24/2023,15:42:11,MSFT,250,329.39,Buy
10/24/2023,15:42:11,MSFT,250,329.43,Sell
10/24/2023,15:43:11,MSFT,250,329.41,Buy
10/24/2023,15:44:11,MSFT,250,329.62,Sell
10/24/2023,15:45:11,MSFT,250,329.49,Buy
10/24/2023,15:52:11,META,250,315.58,Sell
10/24/2023,15:53:11,META,250,315.44,Sell
10/24/2023,15:54:11,META,250,316.09,Sell
10/24/2023,15:57:11,MSFT,250,330.44,Sell
10/24/2023,15:58:11,MSFT,250,330.25,Sell
10/24/2023,16:00:11,MSFT,250,330.50,Sell
10/24/2023,16:05:11,MSFT,250,329.83,Buy
10/24/2023,16:06:11,MSFT,250,329.72,Buy
10/24/2023,16:07:11,MSFT,250,329.61,Buy
10/24/2023,16:07:11,META,250,315.59,Buy
10/24/2023,16:08:11,META,250,315.51,Buy
10/24/2023,16:09:11,META,250,315.63,Buy
10/24/2023,16:20:11,MSFT,250,329.27,Sell
10/24/2023,16:21:11,MSFT,250,329.21,Sell
10/24/2023,16:22:10,MSFT,250,329.30,Buy
10/24/2023,16:22:10,MSFT,250,329.34,Sell
10/24/2023,16:23:11,MSFT,250,329.18,Buy
10/24/2023,16:25:11,MSFT,250,328.91,Buy
10/24/2023,16:35:11,GOOG,250,139.23,Sell
10/24/2023,16:36:11,GOOG,250,139.23,Sell
10/24/2023,16:37:11,MSFT,250,328.76,Sell
10/24/2023,16:37:11,GOOG,250,139.28,Sell
10/24/2023,16:38:11,MSFT,250,328.83,Buy
10/24/2023,16:38:11,MSFT,250,328.85,Sell
10/24/2023,16:39:11,MSFT,250,328.73,Buy
10/24/2023,16:40:11,MSFT,250,328.81,Sell
10/24/2023,16:41:11,MSFT,250,328.85,Buy
10/24/2023,16:50:11,GOOG,250,139.03,Buy
10/24/2023,16:51:11,GOOG,250,139.03,Buy
10/24/2023,16:52:11,GOOG,250,139.08,Buy
10/24/2023,16:53:11,MSFT,250,328.10,Sell
10/24/2023,16:54:11,MSFT,250,328.22,Buy
10/24/2023,16:54:11,MSFT,250,328.24,Sell
10/24/2023,16:55:11,MSFT,250,328.02,Buy
10/24/2023,16:56:11,MSFT,250,328.14,Sell
10/24/2023,16:57:11,MSFT,250,328.07,Buy
10/24/2023,17:08:11,GOOG,250,139.31,Sell
10/24/2023,17:09:11,MSFT,250,328.24,Sell
10/24/2023,17:10:11,MSFT,250,328.22,Sell
10/24/2023,17:11:11,META,250,311.88,Sell
10/24/2023,17:12:11,MSFT,250,328.12,Sell
10/24/2023,17:17:11,META,250,312.24,Sell
10/24/2023,17:23:11,GOOG,250,139.46,Buy
10/24/2023,17:26:11,META,250,312.65,Buy
10/24/2023,17:32:11,META,250,313.08,Buy
10/24/2023,19:48:11,GOOG,250,140.41,Sell
10/24/2023,19:49:11,GOOG,250,140.45,Sell
10/24/2023,19:50:11,GOOG,250,140.35,Sell
10/24/2023,20:03:11,GOOG,250,131.49,Buy
10/24/2023,20:04:10,GOOG,250,131.58,Buy
10/24/2023,20:05:11,GOOG,250,133.18,Buy
10/25/2023,13:32:11,AMZN,250,124.90,Sell
10/25/2023,13:33:11,AMZN,250,125.29,Sell
10/25/2023,13:34:11,AMZN,250,125.37,Sell
10/25/2023,13:34:11,GOOG,250,128.15,Buy
10/25/2023,13:35:11,GOOG,250,128.33,Buy
10/25/2023,13:36:11,GOOG,250,128.05,Buy
10/25/2023,13:47:11,AMZN,250,124.45,Buy
10/25/2023,13:48:11,AMZN,250,124.54,Buy
10/25/2023,13:49:11,AMZN,250,124.61,Buy
10/25/2023,13:49:11,GOOG,250,127.42,Sell
10/25/2023,13:50:11,GOOG,250,127.40,Sell
10/25/2023,13:51:11,GOOG,250,127.51,Sell
10/25/2023,13:52:11,META,250,305.64,Sell
10/25/2023,13:52:11,GOOG,250,127.22,Buy
10/25/2023,13:53:10,META,250,305.63,Sell
10/25/2023,13:53:11,AAPL,250,171.17,Sell
10/25/2023,13:54:11,META,250,305.93,Sell
10/25/2023,13:55:11,AAPL,250,171.16,Sell
10/25/2023,13:56:11,AAPL,250,171.33,Sell
10/25/2023,14:07:11,META,250,307.22,Buy
10/25/2023,14:07:11,GOOG,250,128.04,Sell
10/25/2023,14:08:11,META,250,307.80,Sell
10/25/2023,14:08:11,META,250,307.68,Buy
10/25/2023,14:08:11,AAPL,250,171.46,Buy
10/25/2023,14:09:11,META,250,308.60,Sell
10/25/2023,14:09:11,META,250,308.50,Buy
10/25/2023,14:10:11,AAPL,250,171.77,Buy
10/25/2023,14:10:11,META,250,308.51,Sell
10/25/2023,14:11:11,AAPL,250,171.78,Sell
10/25/2023,14:11:11,AAPL,250,171.76,Buy
10/25/2023,14:12:11,AAPL,250,171.43,Sell
10/25/2023,14:13:11,AAPL,250,171.49,Sell
10/25/2023,14:23:11,META,250,307.55,Buy
10/25/2023,14:24:11,META,250,307.84,Sell
10/25/2023,14:24:11,META,250,307.74,Buy
10/25/2023,14:25:11,META,250,307.79,Sell
10/25/2023,14:25:11,META,250,307.70,Buy
10/25/2023,14:26:11,META,250,307.36,Sell
10/25/2023,14:26:11,AAPL,250,171.94,Buy
10/25/2023,14:27:11,AAPL,250,171.80,Sell
10/25/2023,14:27:11,AAPL,250,171.79,Buy
10/25/2023,14:28:11,AAPL,250,172.03,Sell
10/25/2023,14:28:11,AAPL,250,172.01,Buy
10/25/2023,14:29:11,AAPL,250,172.00,Sell
10/25/2023,14:39:11,META,250,308.49,Buy
10/25/2023,14:40:11,META,250,308.87,Sell
10/25/2023,14:40:11,META,250,308.72,Buy
10/25/2023,14:41:10,META,250,308.95,Sell
10/25/2023,14:41:10,META,250,308.85,Buy
10/25/2023,14:42:11,META,250,308.55,Sell
10/25/2023,14:42:11,AAPL,250,172.21,Buy
10/25/2023,14:43:11,AAPL,250,172.34,Sell
10/25/2023,14:43:11,AAPL,250,172.32,Buy
10/25/2023,14:44:11,AAPL,250,172.27,Sell
10/25/2023,14:44:11,AAPL,250,172.26,Buy
10/25/2023,14:45:11,AAPL,250,172.28,Sell
10/25/2023,14:55:11,META,250,306.35,Buy
10/25/2023,14:56:11,META,250,307.09,Sell
10/25/2023,14:56:11,META,250,307.01,Buy
10/25/2023,14:57:11,META,250,307.00,Buy
10/25/2023,14:58:11,AAPL,250,172.42,Buy
10/25/2023,14:59:10,META,250,306.86,Sell
10/25/2023,14:59:11,AAPL,250,172.21,Sell
10/25/2023,14:59:11,AAPL,250,172.19,Buy
10/25/2023,15:00:11,AAPL,250,172.15,Sell
10/25/2023,15:00:11,AAPL,250,172.14,Buy
10/25/2023,15:01:11,AAPL,250,172.35,Sell
10/25/2023,15:06:11,META,250,307.48,Sell
10/25/2023,15:11:11,META,250,306.60,Buy
10/25/2023,15:14:11,META,250,307.07,Buy
10/25/2023,15:14:11,AAPL,250,172.86,Buy
10/25/2023,15:15:11,AAPL,250,172.94,Sell
10/25/2023,15:15:11,AAPL,250,172.93,Buy
10/25/2023,15:16:11,AAPL,250,172.87,Sell
10/25/2023,15:16:11,AAPL,250,172.86,Buy
10/25/2023,15:17:11,AAPL,250,172.76,Sell
10/25/2023,15:21:11,META,250,306.78,Buy
10/25/2023,15:30:11,AAPL,250,172.45,Buy
10/25/2023,15:31:11,AAPL,250,172.40,Buy
10/25/2023,15:32:11,AAPL,250,172.48,Buy
10/25/2023,16:20:11,AAPL,250,171.77,Sell
10/25/2023,16:25:11,AAPL,250,171.79,Sell
10/25/2023,16:29:11,AAPL,250,171.79,Sell
10/25/2023,16:35:11,AAPL,250,171.71,Buy
10/25/2023,16:40:11,AAPL,250,171.66,Buy
10/25/2023,16:44:11,AAPL,250,171.45,Buy
10/25/2023,17:02:11,AAPL,250,171.79,Sell
10/25/2023,17:05:11,META,250,303.67,Sell
10/25/2023,17:07:11,META,250,303.88,Sell
10/25/2023,17:08:11,META,250,303.84,Sell
10/25/2023,17:17:11,AAPL,250,171.58,Buy
10/25/2023,17:20:11,META,250,304.13,Buy
10/25/2023,17:22:11,META,250,304.11,Buy
10/25/2023,17:23:11,META,250,303.88,Buy
10/25/2023,18:03:11,AAPL,250,171.39,Sell
10/25/2023,18:04:11,AAPL,250,171.28,Sell
10/25/2023,18:05:11,AAPL,250,171.23,Sell
10/25/2023,18:06:09,META,250,302.30,Sell
10/25/2023,18:18:11,AAPL,250,171.48,Buy
10/25/2023,18:19:11,AAPL,250,171.47,Buy
10/25/2023,18:20:11,AAPL,250,171.37,Sell
10/25/2023,18:20:11,AAPL,250,171.36,Buy
10/25/2023,18:21:11,AAPL,250,171.43,Sell
10/25/2023,18:21:11,META,250,300.44,Buy
10/25/2023,18:22:11,AAPL,250,171.44,Sell
10/25/2023,18:35:11,AAPL,250,171.32,Buy
10/25/2023,18:36:11,AAPL,250,171.23,Buy
10/25/2023,18:37:11,AAPL,250,171.22,Buy
10/25/2023,19:30:11,MSFT,250,340.85,Sell
10/25/2023,19:31:11,MSFT,250,340.64,Sell
10/25/2023,19:31:11,AAPL,250,171.14,Sell
10/25/2023,19:32:11,MSFT,250,340.82,Sell
10/25/2023,19:35:11,AAPL,250,171.28,Sell
10/25/2023,19:37:11,AAPL,250,171.29,Sell
10/25/2023,19:45:11,MSFT,250,340.25,Buy
10/25/2023,19:46:11,MSFT,250,340.04,Buy
10/25/2023,19:46:11,AAPL,250,171.11,Buy
10/25/2023,19:47:11,MSFT,250,340.05,Buy
10/25/2023,19:50:11,AAPL,250,171.37,Buy
10/25/2023,19:52:11,AAPL,250,171.18,Buy
10/26/2023,13:30:11,MSFT,250,340.40,Sell
10/26/2023,13:30:11,META,250,292.72,Sell
10/26/2023,13:31:11,MSFT,250,340.53,Sell
10/26/2023,13:31:11,META,250,291.25,Sell
10/26/2023,13:32:11,MSFT,250,338.78,Sell
10/26/2023,13:32:11,META,250,288.67,Sell
10/26/2023,13:33:11,AAPL,250,170.94,Sell
10/26/2023,13:34:11,AAPL,250,171.16,Sell
10/26/2023,13:35:11,AAPL,250,170.78,Sell
10/26/2023,13:37:11,GOOG,250,125.43,Sell
10/26/2023,13:38:11,GOOG,250,125.08,Sell
10/26/2023,13:39:11,GOOG,250,125.06,Sell
10/26/2023,13:45:11,MSFT,250,338.69,Buy
10/26/2023,13:45:11,META,250,284.88,Buy
10/26/2023,13:46:11,META,250,285.09,Buy
10/26/2023,13:46:11,META,250,285.09,Buy
10/26/2023,13:46:11,MSFT,250,339.16,Sell
10/26/2023,13:46:11,MSFT,250,339.04,Buy
10/26/2023,13:47:11,META,250,283.79,Buy
10/26/2023,13:47:11,META,250,283.79,Buy
10/26/2023,13:47:11,MSFT,250,338.61,Sell
10/26/2023,13:47:11,MSFT,250,338.51,Buy
10/26/2023,13:48:11,MSFT,250,338.29,Sell
10/26/2023,13:48:11,META,250,283.66,Buy
10/26/2023,13:48:11,AAPL,250,170.47,Buy
10/26/2023,13:49:11,AMZN,250,119.32,Buy
10/26/2023,13:49:11,AAPL,250,170.14,Buy
10/26/2023,13:50:11,AMZN,250,118.82,Buy
10/26/2023,13:50:11,AAPL,250,170.18,Buy
10/26/2023,13:51:11,AMZN,250,119.05,Buy
10/26/2023,13:52:11,GOOG,250,123.24,Buy
10/26/2023,13:53:11,GOOG,250,122.94,Buy
10/26/2023,13:54:11,GOOG,250,122.60,Buy
10/26/2023,13:57:11,AAPL,250,169.80,Sell
10/26/2023,13:58:11,AAPL,250,169.67,Sell
10/26/2023,13:59:11,AAPL,250,169.58,Sell
10/26/2023,14:01:11,META,250,281.56,Sell
10/26/2023,14:01:11,MSFT,250,334.97,Buy
10/26/2023,14:02:11,META,250,281.22,Buy
10/26/2023,14:02:11,META,250,281.37,Sell
10/26/2023,14:02:11,MSFT,250,334.85,Buy
10/26/2023,14:03:11,MSFT,250,333.93,Buy
10/26/2023,14:03:11,META,250,281.26,Buy
10/26/2023,14:03:11,META,250,281.40,Sell
10/26/2023,14:04:11,AMZN,250,119.47,Sell
10/26/2023,14:04:11,META,250,282.36,Buy
10/26/2023,14:05:11,GOOG,250,122.89,Buy
10/26/2023,14:05:11,AMZN,250,119.13,Buy
10/26/2023,14:05:11,AMZN,250,119.16,Sell
10/26/2023,14:06:11,AMZN,250,119.51,Sell
10/26/2023,14:09:11,GOOG,250,122.84,Buy
10/26/2023,14:10:11,GOOG,250,122.77,Buy
10/26/2023,14:12:11,AMZN,250,118.64,Buy
10/26/2023,14:12:11,AAPL,250,169.48,Buy
10/26/2023,14:13:11,AAPL,250,169.27,Buy
10/26/2023,14:13:11,AMZN,250,118.52,Buy
10/26/2023,14:14:11,AAPL,250,169.37,Buy
10/26/2023,14:17:11,META,250,281.90,Sell
10/26/2023,14:17:11,AAPL,250,169.10,Sell
10/26/2023,14:18:11,META,250,281.69,Sell
10/26/2023,14:18:11,META,250,281.69,Sell
10/26/2023,14:19:11,META,250,282.15,Sell
10/26/2023,14:19:11,META,250,282.15,Sell
10/26/2023,14:19:11,AAPL,250,169.03,Sell
10/26/2023,14:20:11,META,250,282.54,Sell
10/26/2023,14:20:11,AAPL,250,168.98,Sell
10/26/2023,14:20:11,AMZN,250,119.25,Sell
10/26/2023,14:20:11,GOOG,250,122.68,Sell
10/26/2023,14:22:11,MSFT,250,333.27,Sell
10/26/2023,14:24:11,GOOG,250,123.15,Sell
10/26/2023,14:25:11,GOOG,250,123.19,Sell
10/26/2023,14:26:11,MSFT,250,332.67,Sell
10/26/2023,14:27:11,AMZN,250,119.41,Sell
10/26/2023,14:27:11,MSFT,250,332.94,Sell
10/26/2023,14:28:11,AMZN,250,119.38,Sell
10/26/2023,14:32:11,AAPL,250,168.65,Buy
10/26/2023,14:33:11,META,250,286.67,Buy
10/26/2023,14:33:11,GOOG,250,123.62,Sell
10/26/2023,14:34:11,META,250,287.33,Buy
10/26/2023,14:34:11,AAPL,250,168.41,Buy
10/26/2023,14:34:11,GOOG,250,123.42,Sell
10/26/2023,14:35:11,GOOG,250,123.45,Sell
10/26/2023,14:35:11,META,250,287.50,Buy
10/26/2023,14:35:11,AAPL,250,168.39,Buy
10/26/2023,14:37:11,MSFT,250,333.21,Buy
10/26/2023,14:40:11,MSFT,250,333.71,Sell
10/26/2023,14:41:11,MSFT,250,333.37,Buy
10/26/2023,14:42:11,MSFT,250,333.36,Sell
10/26/2023,14:42:11,MSFT,250,333.29,Buy
10/26/2023,14:43:11,MSFT,250,333.94,Sell
10/26/2023,14:44:11,AAPL,250,168.42,Sell
10/26/2023,14:45:11,AAPL,250,168.54,Sell
10/26/2023,14:46:11,AAPL,250,168.54,Sell
10/26/2023,14:48:11,GOOG,250,124.20,Buy
10/26/2023,14:49:11,GOOG,250,124.27,Sell
10/26/2023,14:49:11,GOOG,250,124.26,Buy
10/26/2023,14:50:11,GOOG,250,124.39,Sell
10/26/2023,14:50:11,GOOG,250,124.37,Buy
10/26/2023,14:51:11,GOOG,250,124.62,Sell
10/26/2023,14:55:11,MSFT,250,334.90,Buy
10/26/2023,14:57:11,MSFT,250,334.82,Buy
10/26/2023,14:58:11,MSFT,250,334.56,Buy
10/26/2023,14:59:11,AAPL,250,168.31,Buy
10/26/2023,15:00:11,AAPL,250,168.26,Sell
10/26/2023,15:00:11,AAPL,250,168.25,Buy
10/26/2023,15:01:11,AAPL,250,168.32,Sell
10/26/2023,15:01:11,AAPL,250,168.31,Buy
10/26/2023,15:02:11,MSFT,250,333.34,Sell
10/26/2023,15:03:11,MSFT,250,332.79,Sell
10/26/2023,15:04:11,GOOG,250,124.05,Buy
10/26/2023,15:04:11,MSFT,250,332.87,Sell
10/26/2023,15:05:11,GOOG,250,123.92,Sell
10/26/2023,15:05:11,GOOG,250,123.91,Buy
10/26/2023,15:06:11,GOOG,250,124.10,Buy
10/26/2023,15:09:11,AAPL,250,167.71,Sell
10/26/2023,15:15:11,AAPL,250,167.36,Buy
10/26/2023,15:16:11,AAPL,250,167.24,Buy
10/26/2023,15:17:11,AAPL,250,167.40,Sell
10/26/2023,15:17:11,MSFT,250,330.68,Buy
10/26/2023,15:18:11,MSFT,250,330.89,Sell
10/26/2023,15:18:11,MSFT,250,330.83,Buy
10/26/2023,15:18:11,AAPL,250,167.40,Sell
10/26/2023,15:19:11,MSFT,250,331.10,Sell
10/26/2023,15:19:11,MSFT,250,331.07,Buy
10/26/2023,15:20:11,GOOG,250,124.25,Buy
10/26/2023,15:24:11,AAPL,250,167.23,Buy
10/26/2023,15:26:11,META,250,286.43,Sell
10/26/2023,15:27:11,META,250,285.34,Sell
10/26/2023,15:28:11,META,250,286.48,Sell
10/26/2023,15:28:11,MSFT,250,330.71,Sell
10/26/2023,15:32:11,AAPL,250,167.24,Sell
10/26/2023,15:32:11,AAPL,250,167.23,Buy
10/26/2023,15:33:11,AAPL,250,167.29,Sell
10/26/2023,15:33:11,AAPL,250,167.27,Buy
10/26/2023,15:33:11,MSFT,250,331.13,Buy
10/26/2023,15:34:11,AAPL,250,167.26,Sell
10/26/2023,15:34:11,MSFT,250,331.27,Sell
10/26/2023,15:34:11,MSFT,250,331.23,Buy
10/26/2023,15:35:11,MSFT,250,331.23,Sell
10/26/2023,15:41:11,META,250,288.06,Buy
10/26/2023,15:42:11,META,250,288.03,Buy
10/26/2023,15:43:11,META,250,288.05,Buy
10/26/2023,15:43:11,MSFT,250,330.36,Buy
10/26/2023,15:47:11,AAPL,250,167.03,Buy
10/26/2023,15:48:11,AAPL,250,167.09,Sell
10/26/2023,15:48:11,AAPL,250,167.08,Buy
10/26/2023,15:49:11,MSFT,250,330.53,Buy
10/26/2023,15:49:11,AAPL,250,167.15,Sell
10/26/2023,15:49:11,AAPL,250,167.13,Buy
10/26/2023,15:50:11,AAPL,250,167.13,Sell
10/26/2023,15:50:11,MSFT,250,330.42,Buy
10/26/2023,16:03:11,AAPL,250,167.22,Buy
10/26/2023,16:04:11,AAPL,250,167.08,Sell
10/26/2023,16:04:11,AAPL,250,167.06,Buy
10/26/2023,16:05:11,AAPL,250,167.05,Sell
10/26/2023,16:05:11,AAPL,250,167.04,Buy
10/26/2023,16:06:11,AAPL,250,166.89,Sell
10/26/2023,16:07:11,MSFT,250,328.59,Sell
10/26/2023,16:08:11,MSFT,250,328.55,Sell
10/26/2023,16:09:11,MSFT,250,328.28,Sell
10/26/2023,16:13:10,META,250,286.85,Sell
10/26/2023,16:19:11,AMZN,250,118.64,Buy
10/26/2023,16:19:11,AAPL,250,166.35,Buy
10/26/2023,16:20:11,AAPL,250,166.25,Buy
10/26/2023,16:21:11,AAPL,250,166.21,Sell
10/26/2023,16:21:11,AAPL,250,166.20,Buy
10/26/2023,16:22:11,AAPL,250,166.18,Sell
10/26/2023,16:22:11,MSFT,250,327.41,Buy
10/26/2023,16:23:11,MSFT,250,327.38,Buy
10/26/2023,16:24:11,AAPL,250,166.10,Sell
10/26/2023,16:24:11,MSFT,250,327.61,Buy
10/26/2023,16:25:11,META,250,287.22,Sell
10/26/2023,16:26:11,META,250,287.20,Sell
10/26/2023,16:26:11,AMZN,250,118.88,Buy
10/26/2023,16:28:11,META,250,287.31,Buy
10/26/2023,16:29:11,META,250,287.15,Sell
10/26/2023,16:29:11,MSFT,250,328.37,Sell
10/26/2023,16:30:11,MSFT,250,328.36,Sell
10/26/2023,16:31:11,MSFT,250,328.51,Sell
10/26/2023,16:34:11,AMZN,250,118.85,Sell
10/26/2023,16:36:11,AAPL,250,166.41,Buy
10/26/2023,16:37:11,AAPL,250,166.36,Sell
10/26/2023,16:37:11,AAPL,250,166.34,Buy
10/26/2023,16:38:11,AAPL,250,166.34,Sell
10/26/2023,16:39:11,AAPL,250,166.18,Buy
10/26/2023,16:40:11,META,250,285.41,Buy
10/26/2023,16:40:11,AAPL,250,166.12,Sell
10/26/2023,16:41:11,META,250,285.06,Sell
10/26/2023,16:41:11,META,250,285.00,Buy
10/26/2023,16:41:11,AMZN,250,118.78,Sell
10/26/2023,16:42:11,META,250,284.80,Sell
10/26/2023,16:44:11,META,250,285.05,Buy
10/26/2023,16:44:11,MSFT,250,327.59,Buy
10/26/2023,16:45:11,MSFT,250,327.68,Buy
10/26/2023,16:46:11,MSFT,250,327.63,Buy
10/26/2023,16:48:11,META,250,284.40,Sell
10/26/2023,16:52:11,AAPL,250,165.99,Buy
10/26/2023,16:53:11,AAPL,250,166.05,Buy
10/26/2023,16:55:11,AAPL,250,166.13,Sell
10/26/2023,16:55:11,AAPL,250,166.11,Buy
10/26/2023,16:56:11,META,250,285.10,Buy
10/26/2023,16:56:11,AAPL,250,166.19,Sell
10/26/2023,16:57:11,META,250,285.42,Sell
10/26/2023,16:57:11,META,250,285.28,Buy
10/26/2023,16:57:11,AAPL,250,166.17,Sell
10/26/2023,16:58:11,META,250,285.55,Sell
10/26/2023,17:03:11,META,250,286.52,Buy
10/26/2023,17:07:11,MSFT,250,329.05,Sell
10/26/2023,17:10:11,AAPL,250,166.53,Buy
10/26/2023,17:11:11,AAPL,250,166.46,Sell
10/26/2023,17:11:11,AAPL,250,166.45,Buy
10/26/2023,17:12:11,META,250,286.20,Buy
10/26/2023,17:12:11,AAPL,250,166.47,Sell
10/26/2023,17:12:11,AAPL,250,166.46,Buy
10/26/2023,17:12:11,GOOG,250,123.28,Sell
10/26/2023,17:13:10,META,250,286.33,Buy
10/26/2023,17:13:11,AAPL,250,166.40,Sell
10/26/2023,17:16:11,GOOG,250,123.28,Sell
10/26/2023,17:22:11,MSFT,250,328.32,Buy
10/26/2023,17:26:11,AAPL,250,165.79,Buy
10/26/2023,17:27:11,AAPL,250,165.89,Sell
10/26/2023,17:27:11,AAPL,250,165.88,Buy
10/26/2023,17:27:11,GOOG,250,122.93,Buy
10/26/2023,17:28:11,AAPL,250,165.87,Sell
10/26/2023,17:28:11,AAPL,250,165.86,Buy
10/26/2023,17:29:11,AAPL,250,165.92,Sell
10/26/2023,17:31:11,GOOG,250,123.00,Buy
10/26/2023,17:38:11,GOOG,250,123.16,Sell
10/26/2023,17:39:11,GOOG,250,123.12,Sell
10/26/2023,17:42:11,META,250,286.53,Sell
10/26/2023,17:42:11,AAPL,250,166.35,Buy
10/26/2023,17:43:11,AAPL,250,166.42,Sell
10/26/2023,17:43:11,AAPL,250,166.41,Buy
10/26/2023,17:44:11,AAPL,250,166.42,Sell
10/26/2023,17:44:11,AAPL,250,166.40,Buy
10/26/2023,17:45:11,GOOG,250,123.43,Sell
10/26/2023,17:45:11,AAPL,250,166.44,Sell
10/26/2023,17:46:11,META,250,287.32,Sell
10/26/2023,17:49:11,MSFT,250,328.71,Sell
10/26/2023,17:53:11,GOOG,250,123.45,Buy
10/26/2023,17:54:11,GOOG,250,123.57,Buy
10/26/2023,17:57:11,META,250,286.57,Buy
10/26/2023,17:58:11,AAPL,250,166.82,Buy
10/26/2023,17:59:11,AAPL,250,166.78,Sell
10/26/2023,17:59:11,AAPL,250,166.76,Buy
10/26/2023,18:00:11,GOOG,250,123.67,Buy
10/26/2023,18:00:11,AAPL,250,166.85,Sell
10/26/2023,18:00:11,AAPL,250,166.84,Buy
10/26/2023,18:01:11,META,250,287.45,Buy
10/26/2023,18:01:11,AAPL,250,166.83,Sell
10/26/2023,18:04:11,MSFT,250,328.97,Buy
10/26/2023,18:09:11,META,250,288.13,Sell
10/26/2023,18:11:09,META,250,288.34,Sell
10/26/2023,18:12:11,GOOG,250,123.94,Sell
10/26/2023,18:12:11,META,250,288.47,Sell
10/26/2023,18:14:11,AAPL,250,167.23,Buy
10/26/2023,18:15:11,AAPL,250,167.38,Sell
10/26/2023,18:15:11,AAPL,250,167.36,Buy
10/26/2023,18:16:11,AAPL,250,167.27,Sell
10/26/2023,18:16:11,AAPL,250,167.26,Buy
10/26/2023,18:17:11,AAPL,250,167.11,Sell
10/26/2023,18:24:11,META,250,288.72,Buy
10/26/2023,18:26:11,META,250,288.85,Buy
10/26/2023,18:27:11,META,250,289.62,Sell
10/26/2023,18:27:11,META,250,289.54,Buy
10/26/2023,18:27:11,GOOG,250,124.09,Buy
10/26/2023,18:28:11,META,250,289.52,Sell
10/26/2023,18:28:11,GOOG,250,124.11,Sell
10/26/2023,18:29:11,META,250,289.96,Sell
10/26/2023,18:29:11,GOOG,250,124.24,Sell
10/26/2023,18:30:11,GOOG,250,124.22,Sell
10/26/2023,18:30:11,AAPL,250,167.04,Buy
10/26/2023,18:31:11,AAPL,250,167.05,Sell
10/26/2023,18:31:11,AAPL,250,167.03,Buy
10/26/2023,18:32:11,AAPL,250,167.02,Sell
10/26/2023,18:32:11,AAPL,250,167.00,Buy
10/26/2023,18:33:11,AAPL,250,167.29,Sell
10/26/2023,18:42:11,META,250,290.26,Buy
10/26/2023,18:43:11,META,250,290.31,Buy
10/26/2023,18:43:11,GOOG,250,124.13,Buy
10/26/2023,18:44:11,META,250,290.51,Buy
10/26/2023,18:44:11,GOOG,250,124.17,Buy
10/26/2023,18:45:11,GOOG,250,124.02,Buy
10/26/2023,18:46:11,AAPL,250,167.32,Buy
10/26/2023,18:47:11,META,250,291.15,Sell
10/26/2023,18:47:11,AAPL,250,167.41,Sell
10/26/2023,18:47:11,AAPL,250,167.40,Buy
10/26/2023,18:48:11,AAPL,250,167.46,Sell
10/26/2023,18:48:11,AAPL,250,167.45,Buy
10/26/2023,18:49:11,AAPL,250,167.50,Sell
10/26/2023,19:02:10,META,250,291.41,Buy
10/26/2023,19:02:11,AAPL,250,167.88,Buy
10/26/2023,19:03:11,AAPL,250,167.83,Sell
10/26/2023,19:03:11,AAPL,250,167.82,Buy
10/26/2023,19:03:11,GOOG,250,124.47,Sell
10/26/2023,19:04:11,AAPL,250,167.80,Sell
10/26/2023,19:04:11,AAPL,250,167.79,Buy
10/26/2023,19:04:11,GOOG,250,124.51,Sell
10/26/2023,19:05:11,AAPL,250,167.77,Sell
10/26/2023,19:12:11,MSFT,250,329.81,Sell
10/26/2023,19:13:11,MSFT,250,329.72,Sell
10/26/2023,19:14:11,MSFT,250,329.36,Sell
10/26/2023,19:18:11,GOOG,250,124.00,Buy
10/26/2023,19:18:11,AAPL,250,167.51,Buy
10/26/2023,19:19:11,GOOG,250,124.03,Buy
10/26/2023,19:19:11,AAPL,250,167.53,Sell
10/26/2023,19:19:11,AAPL,250,167.52,Buy
10/26/2023,19:20:11,AAPL,250,167.50,Sell
10/26/2023,19:20:11,AAPL,250,167.49,Buy
10/26/2023,19:21:11,AAPL,250,167.54,Sell
10/26/2023,19:27:11,MSFT,250,329.47,Buy
10/26/2023,19:28:11,MSFT,250,329.77,Buy
10/26/2023,19:29:11,MSFT,250,329.60,Buy
10/26/2023,19:34:11,AAPL,250,167.20,Buy
10/26/2023,19:35:11,AAPL,250,167.11,Buy
10/26/2023,19:36:11,AAPL,250,166.96,Buy
10/26/2023,19:40:11,META,250,290.14,Sell
10/26/2023,19:41:11,META,250,290.05,Sell
10/26/2023,19:41:11,AAPL,250,166.58,Sell
10/26/2023,19:42:11,META,250,290.04,Sell
10/26/2023,19:43:11,AAPL,250,166.63,Sell
10/26/2023,19:44:11,AAPL,250,166.52,Sell
10/26/2023,19:54:11,AMZN,250,119.67,Buy
10/26/2023,19:55:11,META,250,287.70,Buy
10/26/2023,19:55:11,AMZN,250,119.64,Buy
10/26/2023,19:56:11,AMZN,250,119.53,Buy
10/26/2023,19:56:11,META,250,288.24,Buy
10/26/2023,19:56:11,AAPL,250,167.05,Buy
10/26/2023,19:57:11,META,250,288.15,Buy
10/26/2023,19:57:11,AAPL,250,167.07,Sell
10/26/2023,19:58:11,AAPL,250,167.11,Buy
10/26/2023,19:59:11,AAPL,250,167.05,Sell
10/26/2023,19:59:11,AAPL,250,167.04,Buy
10/26/2023,20:09:10,AMZN,250,123.70,Sell
10/26/2023,20:10:11,AMZN,250,123.93,Sell
10/26/2023,20:11:11,AMZN,250,124.38,Sell
10/26/2023,20:12:05,AAPL,250,166.87,Buy
10/26/2023,20:14:10,AAPL,250,166.86,Buy
10/27/2023,13:32:11,MSFT,250,331.48,Buy
10/27/2023,13:32:11,AMZN,250,126.05,Buy
10/27/2023,13:33:11,AMZN,250,126.48,Buy
10/27/2023,13:33:11,MSFT,250,331.96,Buy
10/27/2023,13:35:11,AMZN,250,126.49,Buy
10/27/2023,13:46:11,GOOG,250,122.48,Buy
10/27/2023,13:47:11,AMZN,250,128.95,Sell
10/27/2023,13:47:11,MSFT,250,332.93,Sell
10/27/2023,13:47:11,GOOG,250,122.14,Buy
10/27/2023,13:48:11,AMZN,250,128.86,Sell
10/27/2023,13:48:11,GOOG,250,121.83,Buy
10/27/2023,13:48:11,MSFT,250,332.69,Sell
10/27/2023,13:50:11,AMZN,250,127.99,Sell
10/27/2023,14:01:11,GOOG,250,122.17,Sell
10/27/2023,14:02:11,META,250,296.72,Buy
10/27/2023,14:02:11,GOOG,250,122.25,Sell
10/27/2023,14:03:11,GOOG,250,122.50,Sell
10/27/2023,14:03:11,META,250,296.47,Buy
10/27/2023,14:04:11,META,250,296.77,Buy
10/27/2023,14:17:11,META,250,296.08,Sell
10/27/2023,14:18:11,META,250,296.44,Sell
10/27/2023,14:19:11,META,250,295.62,Sell
10/27/2023,14:42:11,AMZN,250,128.33,Buy
10/27/2023,14:43:11,META,250,294.53,Buy
10/27/2023,14:43:11,AMZN,250,128.33,Buy
10/27/2023,14:44:11,META,250,294.56,Buy
10/27/2023,14:45:11,META,250,294.21,Buy
10/27/2023,14:49:11,AMZN,250,129.09,Buy
10/27/2023,14:57:11,AMZN,250,129.05,Sell
10/27/2023,14:58:11,META,250,295.31,Sell
10/27/2023,14:58:11,AMZN,250,129.21,Sell
10/27/2023,14:59:11,META,250,295.85,Sell
10/27/2023,15:00:11,META,250,295.94,Sell
10/27/2023,15:04:11,AMZN,250,129.31,Sell
10/27/2023,16:05:11,AMZN,250,129.26,Buy
10/27/2023,16:06:11,AMZN,250,129.43,Buy
10/27/2023,16:07:11,AMZN,250,129.51,Buy
10/27/2023,16:20:11,AMZN,250,129.61,Sell
10/27/2023,16:21:11,AMZN,250,129.58,Buy
10/27/2023,16:21:11,AMZN,250,129.60,Sell
10/27/2023,16:22:11,AMZN,250,129.56,Buy
10/27/2023,16:22:11,AMZN,250,129.57,Sell
10/27/2023,16:23:11,AMZN,250,129.60,Buy
10/27/2023,16:36:11,AMZN,250,129.43,Sell
10/27/2023,16:37:11,AMZN,250,129.59,Sell
10/27/2023,16:38:11,AMZN,250,129.60,Sell
10/27/2023,16:47:11,AMZN,250,129.14,Buy
10/27/2023,16:48:11,AMZN,250,129.05,Buy
10/27/2023,16:49:11,AMZN,250,128.88,Buy
10/27/2023,17:02:11,AMZN,250,128.69,Sell
10/27/2023,17:03:11,AMZN,250,128.72,Buy
10/27/2023,17:03:11,AMZN,250,128.73,Sell
10/27/2023,17:04:11,AMZN,250,128.67,Buy
10/27/2023,17:04:11,AMZN,250,128.69,Sell
10/27/2023,17:05:11,AMZN,250,128.45,Buy
10/27/2023,17:18:11,AMZN,250,128.15,Sell
10/27/2023,17:19:11,AMZN,250,128.04,Buy
10/27/2023,17:19:11,AMZN,250,128.06,Sell
10/27/2023,17:20:11,AMZN,250,127.98,Buy
10/27/2023,17:20:11,AMZN,250,127.99,Sell
10/27/2023,17:21:11,AMZN,250,128.08,Buy
10/27/2023,17:34:11,AMZN,250,128.06,Sell
10/27/2023,17:35:11,AMZN,250,128.09,Buy
10/27/2023,17:35:11,AMZN,250,128.11,Sell
10/27/2023,17:36:11,AMZN,250,128.12,Buy
10/27/2023,17:36:11,AMZN,250,128.13,Sell
10/27/2023,17:38:11,AMZN,250,128.03,Buy
10/27/2023,17:50:11,AMZN,250,127.89,Sell
10/27/2023,17:51:11,AMZN,250,127.87,Buy
10/27/2023,17:51:11,AMZN,250,127.89,Sell
10/27/2023,17:52:11,AMZN,250,127.69,Buy
10/27/2023,17:53:11,AMZN,250,127.56,Sell
10/27/2023,17:54:11,AMZN,250,127.62,Buy
10/27/2023,18:06:11,AMZN,250,127.11,Sell
10/27/2023,18:07:11,AMZN,250,127.05,Buy
10/27/2023,18:07:11,AMZN,250,127.06,Sell
10/27/2023,18:08:11,AMZN,250,127.23,Buy
10/27/2023,18:09:11,AMZN,250,127.18,Sell
10/27/2023,18:10:11,AMZN,250,127.24,Buy
10/27/2023,18:22:11,AMZN,250,127.28,Sell
10/27/2023,18:23:11,AMZN,250,127.24,Buy
10/27/2023,18:23:11,AMZN,250,127.26,Sell
10/27/2023,18:24:11,AMZN,250,127.10,Buy
10/27/2023,18:25:11,AMZN,250,127.22,Sell
10/27/2023,18:26:11,AMZN,250,127.22,Buy
10/27/2023,18:38:11,AMZN,250,127.98,Sell
10/27/2023,18:39:11,AMZN,250,128.02,Sell
10/27/2023,18:41:11,AMZN,250,128.10,Sell
10/27/2023,19:30:11,AMZN,250,127.83,Buy
10/27/2023,19:32:11,AMZN,250,127.73,Buy
10/27/2023,19:33:11,AMZN,250,127.69,Buy
10/27/2023,19:45:11,AMZN,250,127.23,Sell
10/27/2023,19:46:11,AMZN,250,127.25,Buy
10/27/2023,19:47:11,AMZN,250,127.24,Sell
10/27/2023,19:48:11,AMZN,250,127.42,Buy
10/27/2023,19:48:11,AMZN,250,127.44,Sell
10/27/2023,19:49:11,AMZN,250,127.48,Buy
10/27/2023,20:01:06,AMZN,250,128.00,Sell
10/27/2023,20:03:11,AMZN,250,127.96,Sell
10/27/2023,20:04:10,AMZN,250,127.84,Sell
10/30/2023,13:31:11,MSFT,250,332.25,Buy
10/30/2023,13:32:11,AMZN,250,128.95,Buy
10/30/2023,13:32:11,META,250,299.80,Buy
10/30/2023,13:33:11,MSFT,250,332.49,Buy
10/30/2023,13:33:11,META,250,300.20,Buy
10/30/2023,13:33:11,AMZN,250,130.15,Buy
10/30/2023,13:34:11,META,250,301.31,Buy
10/30/2023,13:34:11,MSFT,250,332.76,Buy
10/30/2023,13:36:11,AAPL,250,170.13,Sell
10/30/2023,13:37:11,AAPL,250,170.40,Sell
10/30/2023,13:38:11,AAPL,250,170.89,Sell
10/30/2023,13:46:11,MSFT,250,336.15,Sell
10/30/2023,13:47:11,META,250,305.47,Sell
10/30/2023,13:47:11,AMZN,250,131.51,Sell
10/30/2023,13:48:11,META,250,306.20,Buy
10/30/2023,13:48:11,META,250,306.30,Sell
10/30/2023,13:48:11,AMZN,250,131.79,Sell
10/30/2023,13:48:11,MSFT,250,336.69,Sell
10/30/2023,13:49:11,MSFT,250,337.16,Sell
10/30/2023,13:49:11,META,250,306.23,Buy
10/30/2023,13:49:11,META,250,306.35,Sell
10/30/2023,13:50:11,META,250,306.93,Buy
10/30/2023,13:51:11,AAPL,250,170.99,Buy
10/30/2023,13:52:11,AAPL,250,171.06,Sell
10/30/2023,13:52:11,AAPL,250,171.04,Buy
10/30/2023,13:52:11,GOOG,250,126.07,Sell
10/30/2023,13:53:11,AAPL,250,170.72,Sell
10/30/2023,13:53:11,AAPL,250,170.70,Buy
10/30/2023,13:53:11,GOOG,250,125.99,Sell
10/30/2023,13:54:11,GOOG,250,125.98,Sell
10/30/2023,14:03:11,META,250,307.40,Sell
10/30/2023,14:04:11,META,250,306.75,Buy
10/30/2023,14:04:11,META,250,306.91,Sell
10/30/2023,14:05:10,META,250,306.75,Buy
10/30/2023,14:05:10,META,250,306.83,Sell
10/30/2023,14:06:11,META,250,307.20,Buy
10/30/2023,14:07:11,AAPL,250,170.53,Buy
10/30/2023,14:07:11,GOOG,250,126.10,Buy
10/30/2023,14:08:11,AAPL,250,170.62,Buy
10/30/2023,14:08:11,GOOG,250,126.16,Buy
10/30/2023,14:09:11,GOOG,250,126.45,Buy
10/30/2023,14:19:11,META,250,305.35,Sell
10/30/2023,14:20:11,META,250,305.26,Buy
10/30/2023,14:20:11,META,250,305.37,Sell
10/30/2023,14:21:11,META,250,304.28,Buy
10/30/2023,14:21:11,META,250,304.36,Sell
10/30/2023,14:22:11,META,250,304.19,Buy
10/30/2023,14:22:11,GOOG,250,124.72,Buy
10/30/2023,14:35:11,META,250,303.75,Sell
10/30/2023,14:36:11,META,250,303.89,Buy
10/30/2023,14:36:11,META,250,303.96,Sell
10/30/2023,14:37:11,META,250,303.51,Buy
10/30/2023,14:37:11,META,250,303.64,Sell
10/30/2023,14:37:11,GOOG,250,125.29,Sell
10/30/2023,14:38:11,META,250,303.01,Buy
10/30/2023,14:51:11,META,250,302.16,Sell
10/30/2023,14:52:11,META,250,303.13,Buy
10/30/2023,14:52:11,META,250,303.20,Sell
10/30/2023,14:53:11,META,250,303.10,Buy
10/30/2023,14:53:11,META,250,303.16,Sell
10/30/2023,14:54:11,META,250,303.15,Buy
10/30/2023,15:07:11,META,250,303.70,Sell
10/30/2023,15:08:11,META,250,303.70,Sell
10/30/2023,15:09:11,META,250,303.34,Sell
10/30/2023,16:28:11,META,250,302.84,Buy
10/30/2023,16:29:11,META,250,302.61,Buy
10/30/2023,16:30:11,META,250,302.42,Buy
10/30/2023,16:43:10,META,250,302.39,Sell
10/30/2023,16:44:11,META,250,301.98,Sell
10/30/2023,16:45:11,META,250,302.00,Sell
10/30/2023,16:47:11,META,250,301.48,Buy
10/30/2023,16:48:11,META,250,301.61,Buy
10/30/2023,16:49:11,META,250,301.70,Buy
10/30/2023,17:02:11,META,250,301.76,Sell
10/30/2023,17:03:11,META,250,301.79,Sell
10/30/2023,17:04:11,META,250,302.11,Sell
10/30/2023,19:42:11,META,250,302.73,Buy
10/30/2023,19:43:11,META,250,302.69,Buy
10/30/2023,19:57:11,META,250,302.56,Sell
10/30/2023,19:58:11,META,250,302.56,Sell
10/31/2023,13:38:11,META,250,297.95,Buy
10/31/2023,13:39:11,META,250,297.57,Buy
10/31/2023,13:40:11,META,250,297.47,Buy
10/31/2023,13:53:11,META,250,298.60,Sell
10/31/2023,13:54:11,META,250,299.33,Sell
10/31/2023,13:55:11,META,250,299.52,Sell
11/01/2023,13:30:11,META,250,302.50,Buy
11/01/2023,13:30:11,MSFT,250,339.86,Buy
11/01/2023,13:31:11,META,250,302.33,Buy
11/01/2023,13:31:11,MSFT,250,340.18,Buy
11/01/2023,13:32:11,AMZN,250,134.56,Buy
11/01/2023,13:32:11,META,250,302.57,Buy
11/01/2023,13:33:11,AMZN,250,134.77,Buy
11/01/2023,13:34:11,AMZN,250,134.56,Buy
11/01/2023,13:40:11,MSFT,250,343.10,Buy
11/01/2023,13:45:11,META,250,304.03,Sell
11/01/2023,13:45:11,MSFT,250,343.73,Sell
11/01/2023,13:46:11,META,250,303.99,Buy
11/01/2023,13:46:11,META,250,304.07,Sell
11/01/2023,13:46:11,MSFT,250,343.25,Buy
11/01/2023,13:46:11,MSFT,250,343.28,Sell
11/01/2023,13:47:11,MSFT,250,343.38,Buy
11/01/2023,13:47:11,META,250,304.36,Buy
11/01/2023,13:47:11,META,250,304.43,Sell
11/01/2023,13:47:11,AMZN,250,135.36,Sell
11/01/2023,13:48:11,AMZN,250,135.17,Sell
11/01/2023,13:48:11,META,250,303.96,Buy
11/01/2023,13:49:11,AMZN,250,135.36,Sell
11/01/2023,13:55:11,MSFT,250,343.93,Sell
11/01/2023,13:56:11,MSFT,250,343.46,Buy
11/01/2023,14:01:11,META,250,303.39,Sell
11/01/2023,14:01:11,MSFT,250,343.76,Sell
11/01/2023,14:02:11,META,250,303.86,Sell
11/01/2023,14:02:11,MSFT,250,343.93,Sell
11/01/2023,14:03:11,META,250,304.06,Sell
11/01/2023,14:09:11,MSFT,250,342.88,Buy
11/01/2023,14:10:11,MSFT,250,343.09,Buy
11/01/2023,14:11:11,MSFT,250,342.96,Sell
11/01/2023,14:24:11,MSFT,250,345.59,Sell
11/01/2023,14:25:11,MSFT,250,345.66,Sell
11/01/2023,14:48:11,META,250,306.76,Buy
11/01/2023,14:49:11,META,250,306.76,Buy
11/01/2023,14:50:11,META,250,306.62,Buy
11/01/2023,15:03:11,META,250,308.29,Sell
11/01/2023,15:04:11,META,250,308.71,Sell
11/01/2023,15:05:11,META,250,308.58,Sell
11/01/2023,18:42:11,META,250,306.45,Buy
11/01/2023,18:43:11,META,250,306.53,Buy
11/01/2023,18:43:11,MSFT,250,343.84,Buy
11/01/2023,18:44:11,MSFT,250,344.00,Buy
11/01/2023,18:44:11,META,250,306.62,Buy
11/01/2023,18:57:11,META,250,308.82,Sell
11/01/2023,18:58:11,MSFT,250,345.30,Sell
11/01/2023,18:58:11,META,250,309.03,Sell
11/01/2023,18:59:11,META,250,308.86,Sell
11/01/2023,18:59:11,MSFT,250,345.32,Sell
11/02/2023,13:36:11,META,250,315.97,Buy
11/02/2023,13:37:11,META,250,315.64,Buy
11/02/2023,13:38:11,META,250,315.61,Buy
11/02/2023,13:41:11,MSFT,250,346.56,Buy
11/02/2023,13:51:11,META,250,312.78,Sell
11/02/2023,13:52:11,META,250,313.43,Sell
11/02/2023,13:53:11,META,250,313.47,Sell
11/02/2023,13:54:11,MSFT,250,345.82,Buy
11/02/2023,13:55:11,MSFT,250,345.62,Buy
11/02/2023,13:56:11,MSFT,250,346.24,Sell
11/02/2023,13:57:11,MSFT,250,346.44,Buy
11/02/2023,13:59:11,META,250,311.30,Buy
11/02/2023,14:00:11,META,250,311.66,Buy
11/02/2023,14:01:11,META,250,311.72,Buy
11/02/2023,14:09:11,MSFT,250,345.90,Sell
11/02/2023,14:10:11,MSFT,250,345.45,Sell
11/02/2023,14:12:11,MSFT,250,345.88,Sell
11/02/2023,14:14:11,META,250,310.23,Sell
11/02/2023,14:15:11,META,250,310.67,Buy
11/02/2023,14:15:11,META,250,310.78,Sell
11/02/2023,14:16:11,META,250,310.05,Buy
11/02/2023,14:16:11,META,250,310.13,Sell
11/02/2023,14:30:11,META,250,311.69,Sell
11/02/2023,14:31:11,META,250,311.63,Sell
11/02/2023,15:19:11,AAPL,250,177.07,Buy
11/02/2023,15:26:11,AAPL,250,176.90,Buy
11/02/2023,15:27:11,AAPL,250,176.80,Buy
11/02/2023,15:34:11,AAPL,250,176.84,Sell
11/02/2023,15:39:11,MSFT,250,348.07,Sell
11/02/2023,15:40:11,MSFT,250,348.09,Sell
11/02/2023,15:41:11,AAPL,250,177.00,Sell
11/02/2023,15:41:11,MSFT,250,348.27,Sell
11/02/2023,15:42:11,AAPL,250,176.92,Sell
11/02/2023,15:50:11,AAPL,250,176.65,Buy
11/02/2023,15:54:11,MSFT,250,346.77,Buy
11/02/2023,15:55:11,MSFT,250,346.80,Buy
11/02/2023,15:56:11,MSFT,250,346.77,Buy
11/02/2023,16:05:11,AAPL,250,176.56,Sell
11/02/2023,16:12:11,MSFT,250,347.17,Sell
11/02/2023,16:13:11,MSFT,250,347.11,Sell
11/02/2023,16:27:11,MSFT,250,347.05,Buy
11/02/2023,16:28:11,MSFT,250,347.23,Buy
11/02/2023,19:46:11,AAPL,250,177.24,Buy
11/02/2023,19:47:11,AAPL,250,177.20,Buy
11/02/2023,19:52:11,AAPL,250,177.41,Buy
11/02/2023,20:01:11,AAPL,250,177.65,Sell
11/02/2023,20:02:11,AAPL,250,177.80,Sell
11/02/2023,20:07:10,AAPL,250,177.74,Sell
11/03/2023,13:31:11,META,250,312.28,Buy
11/03/2023,13:33:11,MSFT,250,348.76,Buy
11/03/2023,13:33:11,AAPL,250,174.90,Sell
11/03/2023,13:46:11,META,250,314.73,Sell
11/03/2023,13:48:11,MSFT,250,350.22,Sell
11/03/2023,13:48:11,AAPL,250,175.88,Sell
11/03/2023,13:48:11,AAPL,250,175.85,Buy
11/03/2023,13:49:11,AAPL,250,175.47,Sell
11/03/2023,13:50:11,AAPL,250,175.45,Sell
11/03/2023,14:03:11,AAPL,250,175.17,Buy
11/03/2023,14:04:11,AAPL,250,175.40,Sell
11/03/2023,14:04:11,AAPL,250,175.37,Buy
11/03/2023,14:05:11,AAPL,250,175.01,Buy
11/03/2023,14:19:11,AAPL,250,174.87,Buy
11/03/2023,15:32:11,MSFT,250,351.22,Sell
11/03/2023,15:47:11,MSFT,250,351.48,Buy
11/06/2023,14:36:11,MSFT,250,355.08,Sell
11/06/2023,14:43:11,AMZN,250,139.91,Sell
11/06/2023,14:44:11,AMZN,250,140.09,Sell
11/06/2023,14:51:11,MSFT,250,355.65,Buy
11/06/2023,14:58:11,AMZN,250,140.16,Buy
11/06/2023,14:59:11,AMZN,250,140.18,Buy
11/07/2023,17:39:11,MSFT,250,361.80,Sell
11/07/2023,17:40:11,MSFT,250,361.83,Sell
11/07/2023,17:54:11,MSFT,250,361.45,Buy
11/07/2023,17:55:11,MSFT,250,361.52,Buy
11/07/2023,18:09:11,MSFT,250,361.81,Sell
11/07/2023,18:10:11,MSFT,250,361.83,Sell
11/07/2023,18:24:11,MSFT,250,362.40,Buy
11/07/2023,18:25:11,MSFT,250,362.33,Buy
11/08/2023,15:23:11,MSFT,250,360.90,Buy
11/08/2023,15:29:11,MSFT,250,360.70,Buy
11/08/2023,15:32:11,MSFT,250,361.07,Buy
11/08/2023,15:38:11,MSFT,250,361.34,Sell
11/08/2023,15:44:11,MSFT,250,361.55,Sell
11/08/2023,15:47:11,MSFT,250,361.85,Sell
11/09/2023,14:38:11,MSFT,250,362.78,Sell
11/09/2023,14:49:11,MSFT,250,363.13,Sell
11/09/2023,14:53:11,MSFT,250,363.27,Buy
11/09/2023,14:54:11,MSFT,250,363.37,Sell
11/09/2023,14:55:11,MSFT,250,363.05,Sell
11/09/2023,15:04:11,MSFT,250,362.59,Buy
11/09/2023,15:09:11,MSFT,250,362.00,Buy
11/09/2023,15:10:11,MSFT,250,362.02,Buy
11/10/2023,14:32:11,GOOG,250,131.24,Buy
11/10/2023,14:32:11,MSFT,250,362.43,Buy
11/10/2023,14:33:11,AAPL,250,183.97,Buy
11/10/2023,14:33:11,MSFT,250,361.68,Buy
11/10/2023,14:33:11,GOOG,250,131.03,Buy
11/10/2023,14:47:11,MSFT,250,364.21,Sell
11/10/2023,14:47:11,GOOG,250,132.00,Sell
11/10/2023,14:48:11,MSFT,250,363.85,Sell
11/10/2023,14:48:11,GOOG,250,132.03,Sell
11/10/2023,14:48:11,AAPL,250,184.51,Sell
11/10/2023,15:21:11,META,250,324.49,Sell
11/10/2023,15:22:11,META,250,324.41,Sell
11/10/2023,15:23:11,META,250,323.94,Sell
11/10/2023,15:36:11,META,250,322.40,Buy
11/10/2023,15:37:11,META,250,322.15,Buy
11/10/2023,15:38:11,META,250,322.20,Buy
11/10/2023,16:40:10,META,250,327.20,Sell
11/10/2023,16:41:11,META,250,327.27,Sell
11/10/2023,16:55:11,META,250,327.35,Buy
11/10/2023,16:56:11,META,250,327.02,Buy
11/10/2023,20:51:11,META,250,328.53,Sell
11/10/2023,20:52:11,META,250,328.52,Sell
11/10/2023,20:54:11,META,250,328.74,Sell
11/10/2023,21:06:09,META,250,329.10,Buy
11/10/2023,21:06:43,META,250,329.10,Buy
11/10/2023,21:08:49,META,250,328.60,Buy
11/13/2023,14:42:11,AMZN,250,140.81,Buy
11/13/2023,14:44:11,AMZN,250,141.03,Buy
11/13/2023,14:45:11,AMZN,250,140.97,Buy
11/13/2023,14:57:11,AMZN,250,141.34,Sell
11/13/2023,14:59:11,AMZN,250,141.47,Sell
11/13/2023,15:00:11,AMZN,250,141.58,Sell
11/13/2023,15:37:11,META,250,331.80,Sell
11/13/2023,15:38:11,AMZN,250,142.65,Sell
11/13/2023,15:40:11,AMZN,250,142.54,Sell
11/13/2023,15:41:11,AMZN,250,142.70,Sell
11/13/2023,15:52:11,META,250,330.77,Buy
11/13/2023,15:53:11,AMZN,250,142.65,Buy
11/13/2023,15:55:11,AMZN,250,142.70,Buy
11/13/2023,15:56:11,AMZN,250,142.62,Buy
11/14/2023,14:30:11,AMZN,250,144.93,Buy
11/14/2023,14:30:11,GOOG,250,135.64,Buy
11/14/2023,14:30:11,MSFT,250,370.73,Buy
11/14/2023,14:30:11,META,250,334.88,Buy
11/14/2023,14:31:11,META,250,334.17,Buy
11/14/2023,14:31:11,GOOG,250,135.84,Buy
11/14/2023,14:31:11,MSFT,250,370.87,Buy
11/14/2023,14:32:11,GOOG,250,136.09,Buy
11/14/2023,14:45:11,AMZN,250,146.45,Sell
11/14/2023,14:45:11,MSFT,250,371.21,Sell
11/14/2023,14:45:11,META,250,334.42,Sell
11/14/2023,14:45:11,GOOG,250,136.03,Sell
11/14/2023,14:46:11,META,250,335.16,Sell
11/14/2023,14:46:11,GOOG,250,136.21,Sell
11/14/2023,14:46:11,MSFT,250,371.17,Sell
11/14/2023,14:47:11,GOOG,250,136.11,Sell
11/14/2023,15:13:11,AMZN,250,146.64,Buy
11/14/2023,15:28:11,AMZN,250,146.74,Sell
11/14/2023,16:12:11,MSFT,250,371.40,Sell
11/14/2023,16:13:11,MSFT,250,371.54,Sell
11/14/2023,16:14:11,MSFT,250,371.51,Sell
11/14/2023,16:27:11,MSFT,250,370.77,Buy
11/14/2023,16:28:11,MSFT,250,370.68,Buy
11/14/2023,16:29:11,MSFT,250,370.78,Buy
11/14/2023,17:26:11,MSFT,250,369.92,Sell
11/14/2023,17:41:11,MSFT,250,369.46,Buy
11/14/2023,19:23:11,MSFT,250,368.68,Sell
11/14/2023,19:25:11,MSFT,250,368.84,Sell
11/14/2023,19:31:11,MSFT,250,369.38,Sell
11/14/2023,19:38:11,MSFT,250,369.46,Buy
11/14/2023,19:40:11,MSFT,250,369.42,Buy
11/14/2023,19:46:11,MSFT,250,369.35,Buy
11/15/2023,14:41:11,AMZN,250,145.25,Sell
11/15/2023,14:42:11,AMZN,250,145.03,Sell
11/15/2023,14:43:11,AMZN,250,145.22,Sell
11/15/2023,14:56:11,AMZN,250,144.81,Buy
11/15/2023,14:57:11,AMZN,250,144.86,Buy
11/15/2023,14:58:11,AMZN,250,145.03,Buy
11/15/2023,15:27:11,META,250,335.29,Sell
11/15/2023,15:42:11,META,250,334.60,Buy
11/15/2023,18:26:11,META,250,331.83,Sell
11/15/2023,18:27:11,META,250,331.80,Sell
11/15/2023,18:28:11,META,250,331.75,Sell
11/15/2023,18:41:11,META,250,332.56,Buy
11/15/2023,18:42:11,META,250,332.36,Buy
11/15/2023,18:43:11,META,250,332.73,Buy
11/16/2023,14:30:11,MSFT,250,370.28,Buy
11/16/2023,14:30:11,AMZN,250,140.74,Sell
11/16/2023,14:31:11,AMZN,250,140.37,Sell
11/16/2023,14:33:11,GOOG,250,136.77,Buy
11/16/2023,14:34:11,GOOG,250,136.53,Buy
11/16/2023,14:45:11,MSFT,250,373.61,Sell
11/16/2023,14:45:11,AMZN,250,140.16,Buy
11/16/2023,14:46:11,AMZN,250,140.27,Buy
11/16/2023,14:48:11,GOOG,250,136.85,Sell
11/16/2023,14:49:11,GOOG,250,136.90,Sell
11/16/2023,14:56:11,AMZN,250,141.79,Sell
11/16/2023,14:57:11,AMZN,250,142.03,Sell
11/16/2023,14:58:11,AMZN,250,141.95,Sell
11/16/2023,15:01:11,META,250,331.00,Sell
11/16/2023,15:11:11,AMZN,250,142.32,Buy
11/16/2023,15:12:11,AMZN,250,142.24,Sell
11/16/2023,15:12:11,AMZN,250,142.22,Buy
11/16/2023,15:13:11,AMZN,250,142.26,Sell
11/16/2023,15:13:11,AMZN,250,142.24,Buy
11/16/2023,15:14:11,AMZN,250,142.27,Sell
11/16/2023,15:16:11,META,250,328.63,Buy
11/16/2023,15:27:11,AMZN,250,142.69,Buy
11/16/2023,15:28:11,AMZN,250,142.61,Buy
11/16/2023,15:29:11,AMZN,250,142.58,Buy
11/16/2023,15:31:11,META,250,329.78,Sell
11/16/2023,15:32:11,META,250,329.56,Sell
11/16/2023,15:46:11,META,250,328.72,Buy
11/16/2023,15:47:11,META,250,329.44,Buy
11/16/2023,16:54:10,MSFT,250,373.95,Sell
11/16/2023,17:09:10,MSFT,250,374.65,Buy
11/16/2023,18:29:11,MSFT,250,375.77,Sell
11/16/2023,18:32:11,MSFT,250,375.83,Sell
11/16/2023,18:44:11,MSFT,250,375.72,Buy
11/16/2023,18:47:11,MSFT,250,375.60,Buy
11/17/2023,14:32:11,MSFT,250,373.69,Sell
11/17/2023,14:33:11,MSFT,250,373.96,Sell
11/17/2023,14:34:11,MSFT,250,373.33,Sell
11/17/2023,14:36:11,META,250,331.51,Sell
11/17/2023,14:47:11,MSFT,250,371.59,Buy
11/17/2023,14:48:11,MSFT,250,371.44,Buy
11/17/2023,14:49:11,MSFT,250,371.52,Buy
11/17/2023,14:51:11,META,250,332.85,Buy
11/17/2023,14:55:11,META,250,333.01,Sell
11/17/2023,14:56:11,META,250,332.99,Sell
11/17/2023,14:57:11,META,250,332.78,Sell
11/17/2023,15:10:11,META,250,333.05,Buy
11/17/2023,15:11:11,META,250,333.18,Buy
11/17/2023,15:12:11,META,250,332.91,Buy
11/17/2023,17:29:11,MSFT,250,371.65,Sell
11/17/2023,17:44:11,MSFT,250,371.94,Buy
11/17/2023,18:01:11,MSFT,250,371.98,Sell
11/17/2023,18:02:10,MSFT,250,371.97,Sell
11/17/2023,18:16:11,MSFT,250,372.35,Buy
11/17/2023,18:17:11,MSFT,250,372.18,Buy
11/17/2023,20:23:11,MSFT,250,372.71,Sell
11/17/2023,20:28:11,MSFT,250,373.00,Sell
11/17/2023,20:29:11,MSFT,250,372.72,Sell
11/17/2023,20:38:11,MSFT,250,369.19,Buy
11/17/2023,20:43:11,MSFT,250,368.68,Buy
11/17/2023,20:44:11,MSFT,250,368.99,Buy
11/17/2023,20:55:11,MSFT,250,370.07,Sell
11/17/2023,20:56:11,MSFT,250,369.81,Sell
11/17/2023,21:10:11,MSFT,250,369.26,Buy
11/17/2023,21:11:03,MSFT,250,369.29,Buy
11/20/2023,14:30:11,MSFT,250,372.48,Sell
11/20/2023,14:31:11,MSFT,250,372.86,Sell
11/20/2023,14:32:11,MSFT,250,374.39,Sell
11/20/2023,14:35:11,GOOG,250,136.89,Sell
11/20/2023,14:36:11,GOOG,250,137.22,Sell
11/20/2023,14:37:11,GOOG,250,136.84,Sell
11/20/2023,14:40:11,AAPL,250,191.27,Sell
11/20/2023,14:45:11,MSFT,250,374.15,Buy
11/20/2023,14:46:11,MSFT,250,374.56,Sell
11/20/2023,14:46:11,MSFT,250,374.50,Buy
11/20/2023,14:47:11,MSFT,250,373.71,Sell
11/20/2023,14:47:11,MSFT,250,373.65,Buy
11/20/2023,14:48:11,MSFT,250,373.98,Sell
11/20/2023,14:50:11,GOOG,250,136.88,Buy
11/20/2023,14:51:11,GOOG,250,137.00,Buy
11/20/2023,14:52:11,GOOG,250,137.21,Buy
11/20/2023,14:55:11,AAPL,250,191.07,Buy
11/20/2023,15:01:11,MSFT,250,375.53,Buy
11/20/2023,15:02:11,MSFT,250,375.47,Sell
11/20/2023,15:02:11,MSFT,250,375.41,Buy
11/20/2023,15:03:11,MSFT,250,375.29,Sell
11/20/2023,15:03:11,MSFT,250,375.24,Buy
11/20/2023,15:04:11,MSFT,250,375.10,Sell
11/20/2023,15:17:11,MSFT,250,373.19,Buy
11/20/2023,15:18:11,MSFT,250,372.98,Sell
11/20/2023,15:18:11,MSFT,250,372.96,Buy
11/20/2023,15:19:11,MSFT,250,372.59,Sell
11/20/2023,15:19:11,MSFT,250,372.57,Buy
11/20/2023,15:20:11,MSFT,250,372.38,Sell
11/20/2023,15:33:11,MSFT,250,373.17,Buy
11/20/2023,15:34:11,MSFT,250,373.59,Sell
11/20/2023,15:34:11,MSFT,250,373.56,Buy
11/20/2023,15:35:11,MSFT,250,373.55,Sell
11/20/2023,15:35:11,MSFT,250,373.50,Buy
11/20/2023,15:36:11,MSFT,250,373.29,Sell
11/20/2023,15:49:11,MSFT,250,372.93,Buy
11/20/2023,15:50:11,MSFT,250,372.89,Sell
11/20/2023,15:50:11,MSFT,250,372.86,Buy
11/20/2023,15:51:11,MSFT,250,373.13,Sell
11/20/2023,15:51:11,MSFT,250,373.08,Buy
11/20/2023,15:52:11,MSFT,250,373.72,Sell
11/20/2023,16:05:11,MSFT,250,374.59,Buy
11/20/2023,16:06:11,MSFT,250,374.51,Sell
11/20/2023,16:06:11,MSFT,250,374.46,Buy
11/20/2023,16:07:11,MSFT,250,374.60,Sell
11/20/2023,16:07:11,MSFT,250,374.57,Buy
11/20/2023,16:08:11,MSFT,250,374.29,Sell
11/20/2023,16:21:11,MSFT,250,375.20,Buy
11/20/2023,16:22:11,MSFT,250,375.13,Sell
11/20/2023,16:22:11,MSFT,250,375.08,Buy
