Date,Time,Symbol,Quantity,Price,Side
10/02/2023,13:30:11,GOOG,250,132.42,Buy
10/02/2023,13:30:11,GOOG,250,132.42,Buy
10/02/2023,13:30:11,GOOG,250,132.42,Buy
10/02/2023,13:30:11,MSFT,250,316.20,Buy
10/02/2023,13:30:11,MSFT,250,316.20,Buy
10/02/2023,13:30:11,MSFT,250,316.20,Buy
10/02/2023,13:33:11,META,250,302.56,Buy
10/02/2023,13:33:11,META,250,302.56,Buy
10/02/2023,13:33:11,META,250,302.56,Buy
10/02/2023,13:33:11,AMZN,250,126.81,Buy
10/02/2023,13:33:11,AMZN,250,126.81,Buy
10/02/2023,13:33:11,AMZN,250,126.81,Buy
10/02/2023,13:45:11,MSFT,250,318.35,Sell
10/02/2023,13:45:11,MSFT,250,318.35,Sell
10/02/2023,13:45:11,MSFT,250,318.35,Sell
10/02/2023,13:45:11,GOOG,250,134.08,Sell
10/02/2023,13:45:11,GOOG,250,134.08,Sell
10/02/2023,13:45:11,GOOG,250,134.08,Sell
10/02/2023,13:46:11,MSFT,250,317.90,Buy
10/02/2023,13:46:11,MSFT,250,317.90,Buy
10/02/2023,13:46:11,MSFT,250,317.90,Buy
10/02/2023,13:48:11,META,250,305.14,Sell
10/02/2023,13:48:11,META,250,305.14,Sell
10/02/2023,13:48:11,META,250,305.14,Sell
10/02/2023,13:48:11,AMZN,250,128.54,Sell
10/02/2023,13:48:11,AMZN,250,128.54,Sell
10/02/2023,13:48:11,AMZN,250,128.54,Sell
10/02/2023,13:55:11,META,250,304.73,Buy
10/02/2023,13:55:11,META,250,304.73,Buy
10/02/2023,13:55:11,META,250,304.73,Buy
10/02/2023,14:01:11,MSFT,250,318.00,Sell
10/02/2023,14:01:11,MSFT,250,318.00,Sell
10/02/2023,14:01:11,MSFT,250,318.00,Sell
10/02/2023,14:10:11,MSFT,250,318.02,Buy
10/02/2023,14:10:11,MSFT,250,318.02,Buy
10/02/2023,14:10:11,MSFT,250,318.02,Buy
10/02/2023,14:10:11,META,250,305.57,Sell
10/02/2023,14:10:11,META,250,305.57,Sell
10/02/2023,14:10:11,META,250,305.57,Sell
10/02/2023,14:25:11,MSFT,250,318.30,Sell
10/02/2023,14:25:11,MSFT,250,318.30,Sell
10/02/2023,14:25:11,MSFT,250,318.30,Sell
10/02/2023,14:27:11,MSFT,250,318.50,Buy
10/02/2023,14:27:11,MSFT,250,318.50,Buy
10/02/2023,14:27:11,MSFT,250,318.50,Buy
10/02/2023,14:32:11,META,250,304.73,Buy
10/02/2023,14:32:11,META,250,304.73,Buy
10/02/2023,14:32:11,META,250,304.73,Buy
10/02/2023,14:42:11,MSFT,250,317.67,Sell
10/02/2023,14:42:11,MSFT,250,317.67,Sell
10/02/2023,14:42:11,MSFT,250,317.67,Sell
10/02/2023,14:47:11,META,250,304.81,Sell
10/02/2023,14:47:11,META,250,304.81,Sell
10/02/2023,14:47:11,META,250,304.81,Sell
10/02/2023,14:47:11,MSFT,250,317.72,Buy
10/02/2023,14:47:11,MSFT,250,317.72,Buy
10/02/2023,14:47:11,MSFT,250,317.72,Buy
10/02/2023,14:55:11,META,250,305.47,Buy
10/02/2023,14:55:11,META,250,305.47,Buy
10/02/2023,14:55:11,META,250,305.47,Buy
10/02/2023,15:02:11,MSFT,250,318.41,Sell
10/02/2023,15:02:11,MSFT,250,318.41,Sell
10/02/2023,15:02:11,MSFT,250,318.41,Sell
10/02/2023,15:07:11,MSFT,250,318.94,Buy
10/02/2023,15:07:11,MSFT,250,318.94,Buy
10/02/2023,15:07:11,MSFT,250,318.94,Buy
10/02/2023,15:10:11,META,250,304.94,Sell
10/02/2023,15:10:11,META,250,304.94,Sell
10/02/2023,15:10:11,META,250,304.94,Sell
10/02/2023,15:22:11,MSFT,250,321.23,Sell
10/02/2023,15:22:11,MSFT,250,321.23,Sell
10/02/2023,15:22:11,MSFT,250,321.23,Sell
10/02/2023,15:51:11,MSFT,250,319.22,Buy
10/02/2023,15:51:11,MSFT,250,319.22,Buy
10/02/2023,15:51:11,MSFT,250,319.22,Buy
10/02/2023,15:53:11,META,250,304.59,Buy
10/02/2023,15:53:11,META,250,304.59,Buy
10/02/2023,15:53:11,META,250,304.59,Buy
10/02/2023,16:06:11,MSFT,250,318.66,Sell
10/02/2023,16:06:11,MSFT,250,318.66,Sell
10/02/2023,16:06:11,MSFT,250,318.66,Sell
10/02/2023,16:07:11,MSFT,250,318.61,Buy
10/02/2023,16:07:11,MSFT,250,318.61,Buy
10/02/2023,16:07:11,MSFT,250,318.61,Buy
10/02/2023,16:08:10,META,250,303.36,Sell
10/02/2023,16:08:10,META,250,303.36,Sell
10/02/2023,16:08:10,META,250,303.36,Sell
10/02/2023,16:09:11,META,250,303.31,Buy
10/02/2023,16:09:11,META,250,303.31,Buy
10/02/2023,16:09:11,META,250,303.31,Buy
10/02/2023,16:22:11,MSFT,250,318.85,Sell
10/02/2023,16:22:11,MSFT,250,318.85,Sell
10/02/2023,16:22:11,MSFT,250,318.85,Sell
10/02/2023,16:24:11,META,250,305.04,Sell
10/02/2023,16:24:11,META,250,305.04,Sell
10/02/2023,16:24:11,META,250,305.04,Sell
10/02/2023,16:30:11,MSFT,250,318.45,Buy
10/02/2023,16:30:11,MSFT,250,318.45,Buy
10/02/2023,16:30:11,MSFT,250,318.45,Buy
10/02/2023,16:35:11,META,250,303.90,Buy
10/02/2023,16:35:11,META,250,303.90,Buy
10/02/2023,16:35:11,META,250,303.90,Buy
10/02/2023,16:45:11,MSFT,250,318.61,Sell
10/02/2023,16:45:11,MSFT,250,318.61,Sell
10/02/2023,16:45:11,MSFT,250,318.61,Sell
10/02/2023,16:50:11,META,250,303.44,Sell
10/02/2023,16:50:11,META,250,303.44,Sell
10/02/2023,16:50:11,META,250,303.44,Sell
10/02/2023,16:54:11,META,250,303.51,Buy
10/02/2023,16:54:11,META,250,303.51,Buy
10/02/2023,16:54:11,META,250,303.51,Buy
10/02/2023,17:09:11,META,250,303.60,Sell
10/02/2023,17:09:11,META,250,303.60,Sell
10/02/2023,17:09:11,META,250,303.60,Sell
10/02/2023,17:15:11,META,250,302.67,Buy
10/02/2023,17:15:11,META,250,302.67,Buy
10/02/2023,17:15:11,META,250,302.67,Buy
10/02/2023,17:30:11,META,250,303.85,Sell
10/02/2023,17:30:11,META,250,303.85,Sell
10/02/2023,17:30:11,META,250,303.85,Sell
10/02/2023,17:36:11,META,250,303.89,Buy
10/02/2023,17:36:11,META,250,303.89,Buy
10/02/2023,17:36:11,META,250,303.89,Buy
10/02/2023,17:51:11,META,250,304.20,Sell
10/02/2023,17:51:11,META,250,304.20,Sell
10/02/2023,17:51:11,META,250,304.20,Sell
10/02/2023,18:31:11,META,250,303.51,Buy
10/02/2023,18:31:11,META,250,303.51,Buy
10/02/2023,18:31:11,META,250,303.51,Buy
10/02/2023,18:42:11,MSFT,250,318.43,Buy
10/02/2023,18:42:11,MSFT,250,318.43,Buy
10/02/2023,18:42:11,MSFT,250,318.43,Buy
10/02/2023,18:46:11,META,250,303.57,Sell
10/02/2023,18:46:11,META,250,303.57,Sell
10/02/2023,18:46:11,META,250,303.57,Sell
10/02/2023,18:47:11,META,250,303.29,Buy
10/02/2023,18:47:11,META,250,303.29,Buy
10/02/2023,18:47:11,META,250,303.29,Buy
10/02/2023,18:57:11,MSFT,250,318.74,Sell
10/02/2023,18:57:11,MSFT,250,318.74,Sell
10/02/2023,18:57:11,MSFT,250,318.74,Sell
10/02/2023,19:02:11,META,250,303.60,Sell
10/02/2023,19:02:11,META,250,303.60,Sell
10/02/2023,19:02:11,META,250,303.60,Sell
10/02/2023,19:03:11,META,250,303.41,Buy
10/02/2023,19:03:11,META,250,303.41,Buy
10/02/2023,19:03:11,META,250,303.41,Buy
10/02/2023,19:18:11,META,250,303.88,Sell
10/02/2023,19:18:11,META,250,303.88,Sell
10/02/2023,19:18:11,META,250,303.88,Sell
10/02/2023,19:28:11,META,250,304.05,Buy
10/02/2023,19:28:11,META,250,304.05,Buy
10/02/2023,19:28:11,META,250,304.05,Buy
10/02/2023,19:43:11,META,250,305.20,Sell
10/02/2023,19:43:11,META,250,305.20,Sell
10/02/2023,19:43:11,META,250,305.20,Sell
10/03/2023,18:13:11,MSFT,250,312.23,Buy
10/03/2023,18:13:11,MSFT,250,312.23,Buy
10/03/2023,18:13:11,MSFT,250,312.23,Buy
10/03/2023,18:28:11,MSFT,250,312.20,Sell
10/03/2023,18:28:11,MSFT,250,312.20,Sell
10/03/2023,18:28:11,MSFT,250,312.20,Sell
10/03/2023,19:15:11,MSFT,250,312.00,Buy
10/03/2023,19:15:11,MSFT,250,312.00,Buy
10/03/2023,19:15:11,MSFT,250,312.00,Buy
10/03/2023,19:16:11,META,250,300.04,Buy
10/03/2023,19:16:11,META,250,300.04,Buy
10/03/2023,19:16:11,META,250,300.04,Buy
10/03/2023,19:30:11,MSFT,250,311.62,Sell
10/03/2023,19:30:11,MSFT,250,311.62,Sell
10/03/2023,19:30:11,MSFT,250,311.62,Sell
10/03/2023,19:31:10,META,250,299.76,Sell
10/03/2023,19:31:10,META,250,299.76,Sell
10/03/2023,19:31:10,META,250,299.76,Sell
10/03/2023,19:31:11,MSFT,250,311.63,Buy
10/03/2023,19:31:11,MSFT,250,311.63,Buy
10/03/2023,19:31:11,MSFT,250,311.63,Buy
10/03/2023,19:46:11,MSFT,250,312.21,Sell
10/03/2023,19:46:11,MSFT,250,312.21,Sell
10/03/2023,19:46:11,MSFT,250,312.21,Sell
10/04/2023,13:30:11,MSFT,250,314.69,Buy
10/04/2023,13:30:11,MSFT,250,314.69,Buy
10/04/2023,13:30:11,MSFT,250,314.69,Buy
10/04/2023,13:30:11,AMZN,250,125.92,Buy
10/04/2023,13:30:11,AMZN,250,125.92,Buy
10/04/2023,13:30:11,AMZN,250,125.92,Buy
10/04/2023,13:30:11,META,250,299.90,Buy
10/04/2023,13:30:11,META,250,299.90,Buy
10/04/2023,13:30:11,META,250,299.90,Buy
10/04/2023,13:31:11,GOOG,250,134.09,Buy
10/04/2023,13:31:11,GOOG,250,134.09,Buy
10/04/2023,13:31:11,GOOG,250,134.09,Buy
10/04/2023,13:32:11,AAPL,250,171.86,Buy
10/04/2023,13:32:11,AAPL,250,171.86,Buy
10/04/2023,13:32:11,AAPL,250,171.86,Buy
10/04/2023,13:45:11,AMZN,250,126.41,Sell
10/04/2023,13:45:11,AMZN,250,126.41,Sell
10/04/2023,13:45:11,AMZN,250,126.41,Sell
10/04/2023,13:45:11,META,250,301.44,Sell
10/04/2023,13:45:11,META,250,301.44,Sell
10/04/2023,13:45:11,META,250,301.44,Sell
10/04/2023,13:45:11,MSFT,250,316.99,Sell
10/04/2023,13:45:11,MSFT,250,316.99,Sell
10/04/2023,13:45:11,MSFT,250,316.99,Sell
10/04/2023,13:46:11,GOOG,250,134.77,Sell
10/04/2023,13:46:11,GOOG,250,134.77,Sell
10/04/2023,13:46:11,GOOG,250,134.77,Sell
10/04/2023,13:47:11,AAPL,250,172.50,Sell
10/04/2023,13:47:11,AAPL,250,172.50,Sell
10/04/2023,13:47:11,AAPL,250,172.50,Sell
10/04/2023,13:59:11,META,250,300.03,Buy
10/04/2023,13:59:11,META,250,300.03,Buy
10/04/2023,13:59:11,META,250,300.03,Buy
10/04/2023,14:14:11,META,250,300.68,Sell
10/04/2023,14:14:11,META,250,300.68,Sell
10/04/2023,14:14:11,META,250,300.68,Sell
10/04/2023,14:16:11,META,250,300.06,Buy
10/04/2023,14:16:11,META,250,300.06,Buy
10/04/2023,14:16:11,META,250,300.06,Buy
10/04/2023,14:21:11,MSFT,250,316.10,Buy
10/04/2023,14:21:11,MSFT,250,316.10,Buy
10/04/2023,14:21:11,MSFT,250,316.10,Buy
10/04/2023,14:31:11,META,250,301.11,Sell
10/04/2023,14:31:11,META,250,301.11,Sell
10/04/2023,14:31:11,META,250,301.11,Sell
10/04/2023,14:36:11,MSFT,250,317.49,Sell
10/04/2023,14:36:11,MSFT,250,317.49,Sell
10/04/2023,14:36:11,MSFT,250,317.49,Sell
10/04/2023,14:50:11,META,250,302.17,Buy
10/04/2023,14:50:11,META,250,302.17,Buy
10/04/2023,14:50:11,META,250,302.17,Buy
10/04/2023,14:50:11,MSFT,250,317.00,Buy
10/04/2023,14:50:11,MSFT,250,317.00,Buy
10/04/2023,14:50:11,MSFT,250,317.00,Buy
10/04/2023,15:05:11,META,250,302.84,Sell
10/04/2023,15:05:11,META,250,302.84,Sell
10/04/2023,15:05:11,META,250,302.84,Sell
10/04/2023,15:05:11,MSFT,250,317.51,Sell
10/04/2023,15:05:11,MSFT,250,317.51,Sell
10/04/2023,15:05:11,MSFT,250,317.51,Sell
10/04/2023,15:08:11,META,250,302.79,Buy
10/04/2023,15:08:11,META,250,302.79,Buy
10/04/2023,15:08:11,META,250,302.79,Buy
10/04/2023,15:23:11,META,250,304.03,Sell
10/04/2023,15:23:11,META,250,304.03,Sell
10/04/2023,15:23:11,META,250,304.03,Sell
10/04/2023,15:52:11,MSFT,250,318.14,Buy
10/04/2023,15:52:11,MSFT,250,318.14,Buy
10/04/2023,15:52:11,MSFT,250,318.14,Buy
10/04/2023,16:07:11,MSFT,250,318.46,Sell
10/04/2023,16:07:11,MSFT,250,318.46,Sell
10/04/2023,16:07:11,MSFT,250,318.46,Sell
10/04/2023,17:59:11,MSFT,250,316.49,Buy
10/04/2023,17:59:11,MSFT,250,316.49,Buy
10/04/2023,17:59:11,MSFT,250,316.49,Buy
10/04/2023,18:14:11,MSFT,250,316.81,Sell
10/04/2023,18:14:11,MSFT,250,316.81,Sell
10/04/2023,18:14:11,MSFT,250,316.81,Sell
10/06/2023,13:30:11,AAPL,250,174.34,Buy
10/06/2023,13:30:11,AAPL,250,174.34,Buy
10/06/2023,13:30:11,AAPL,250,174.34,Buy
10/06/2023,13:30:11,AMZN,250,124.29,Buy
10/06/2023,13:30:11,AMZN,250,124.29,Buy
10/06/2023,13:30:11,AMZN,250,124.29,Buy
10/06/2023,13:34:11,META,250,303.10,Buy
10/06/2023,13:34:11,META,250,303.10,Buy
10/06/2023,13:34:11,META,250,303.10,Buy
10/06/2023,13:36:11,MSFT,250,318.85,Buy
10/06/2023,13:36:11,MSFT,250,318.85,Buy
10/06/2023,13:36:11,MSFT,250,318.85,Buy
10/06/2023,13:45:11,AMZN,250,124.87,Sell
10/06/2023,13:45:11,AMZN,250,124.87,Sell
10/06/2023,13:45:11,AMZN,250,124.87,Sell
10/06/2023,13:45:11,AAPL,250,173.54,Sell
10/06/2023,13:45:11,AAPL,250,173.54,Sell
10/06/2023,13:45:11,AAPL,250,173.54,Sell
10/06/2023,13:49:11,META,250,303.25,Sell
10/06/2023,13:49:11,META,250,303.25,Sell
10/06/2023,13:49:11,META,250,303.25,Sell
10/06/2023,13:51:11,MSFT,250,319.41,Sell
10/06/2023,13:51:11,MSFT,250,319.41,Sell
10/06/2023,13:51:11,MSFT,250,319.41,Sell
10/06/2023,13:52:11,META,250,302.10,Buy
10/06/2023,13:52:11,META,250,302.10,Buy
10/06/2023,13:52:11,META,250,302.10,Buy
10/06/2023,13:55:11,MSFT,250,319.08,Buy
10/06/2023,13:55:11,MSFT,250,319.08,Buy
10/06/2023,13:55:11,MSFT,250,319.08,Buy
10/06/2023,14:07:11,META,250,301.56,Sell
10/06/2023,14:07:11,META,250,301.56,Sell
10/06/2023,14:07:11,META,250,301.56,Sell
10/06/2023,14:08:11,META,250,301.16,Buy
10/06/2023,14:08:11,META,250,301.16,Buy
10/06/2023,14:08:11,META,250,301.16,Buy
10/06/2023,14:10:11,MSFT,250,318.47,Sell
10/06/2023,14:10:11,MSFT,250,318.47,Sell
10/06/2023,14:10:11,MSFT,250,318.47,Sell
10/06/2023,14:12:11,MSFT,250,318.76,Buy
10/06/2023,14:12:11,MSFT,250,318.76,Buy
10/06/2023,14:12:11,MSFT,250,318.76,Buy
10/06/2023,14:23:11,META,250,303.69,Sell
10/06/2023,14:23:11,META,250,303.69,Sell
10/06/2023,14:23:11,META,250,303.69,Sell
10/06/2023,14:26:11,META,250,304.61,Buy
10/06/2023,14:26:11,META,250,304.61,Buy
10/06/2023,14:26:11,META,250,304.61,Buy
10/06/2023,14:27:11,MSFT,250,321.16,Sell
10/06/2023,14:27:11,MSFT,250,321.16,Sell
10/06/2023,14:27:11,MSFT,250,321.16,Sell
10/06/2023,14:41:11,META,250,305.96,Sell
10/06/2023,14:41:11,META,250,305.96,Sell
10/06/2023,14:41:11,META,250,305.96,Sell
10/06/2023,14:41:11,MSFT,250,321.80,Buy
10/06/2023,14:41:11,MSFT,250,321.80,Buy
10/06/2023,14:41:11,MSFT,250,321.80,Buy
10/06/2023,14:42:11,META,250,306.57,Buy
10/06/2023,14:42:11,META,250,306.57,Buy
10/06/2023,14:42:11,META,250,306.57,Buy
10/06/2023,14:56:11,MSFT,250,321.59,Sell
10/06/2023,14:56:11,MSFT,250,321.59,Sell
10/06/2023,14:56:11,MSFT,250,321.59,Sell
10/06/2023,14:57:11,META,250,306.97,Sell
10/06/2023,14:57:11,META,250,306.97,Sell
10/06/2023,14:57:11,META,250,306.97,Sell
10/06/2023,14:58:11,META,250,306.97,Buy
10/06/2023,14:58:11,META,250,306.97,Buy
10/06/2023,14:58:11,META,250,306.97,Buy
10/06/2023,15:02:11,MSFT,250,322.35,Buy
10/06/2023,15:02:11,MSFT,250,322.35,Buy
10/06/2023,15:02:11,MSFT,250,322.35,Buy
10/06/2023,15:13:11,META,250,307.80,Sell
10/06/2023,15:13:11,META,250,307.80,Sell
10/06/2023,15:13:11,META,250,307.80,Sell
10/06/2023,15:17:11,MSFT,250,323.98,Sell
10/06/2023,15:17:11,MSFT,250,323.98,Sell
10/06/2023,15:17:11,MSFT,250,323.98,Sell
10/06/2023,15:18:11,META,250,307.51,Buy
10/06/2023,15:18:11,META,250,307.51,Buy
10/06/2023,15:18:11,META,250,307.51,Buy
10/06/2023,15:33:11,META,250,309.09,Sell
10/06/2023,15:33:11,META,250,309.09,Sell
10/06/2023,15:33:11,META,250,309.09,Sell
10/06/2023,15:37:11,META,250,309.64,Buy
10/06/2023,15:37:11,META,250,309.64,Buy
10/06/2023,15:37:11,META,250,309.64,Buy
10/06/2023,15:52:11,META,250,309.35,Sell
10/06/2023,15:52:11,META,250,309.35,Sell
10/06/2023,15:52:11,META,250,309.35,Sell
10/06/2023,15:53:11,META,250,309.42,Buy
10/06/2023,15:53:11,META,250,309.42,Buy
10/06/2023,15:53:11,META,250,309.42,Buy
10/06/2023,16:08:11,META,250,311.14,Sell
10/06/2023,16:08:11,META,250,311.14,Sell
10/06/2023,16:08:11,META,250,311.14,Sell
10/09/2023,13:30:11,GOOG,250,137.77,Buy
10/09/2023,13:30:11,GOOG,250,137.77,Buy
10/09/2023,13:30:11,GOOG,250,137.77,Buy
10/09/2023,13:30:11,META,250,312.38,Buy
10/09/2023,13:30:11,META,250,312.38,Buy
10/09/2023,13:30:11,META,250,312.38,Buy
10/09/2023,13:32:11,MSFT,250,324.86,Buy
10/09/2023,13:32:11,MSFT,250,324.86,Buy
10/09/2023,13:32:11,MSFT,250,324.86,Buy
10/09/2023,13:45:11,META,250,317.16,Sell
10/09/2023,13:45:11,META,250,317.16,Sell
10/09/2023,13:45:11,META,250,317.16,Sell
10/09/2023,13:45:11,GOOG,250,137.61,Sell
10/09/2023,13:45:11,GOOG,250,137.61,Sell
10/09/2023,13:45:11,GOOG,250,137.61,Sell
10/09/2023,13:47:11,MSFT,250,325.83,Sell
10/09/2023,13:47:11,MSFT,250,325.83,Sell
10/09/2023,13:47:11,MSFT,250,325.83,Sell
10/09/2023,15:03:11,META,250,316.01,Buy
10/09/2023,15:03:11,META,250,316.01,Buy
10/09/2023,15:03:11,META,250,316.01,Buy
10/09/2023,15:12:11,MSFT,250,325.65,Buy
10/09/2023,15:12:11,MSFT,250,325.65,Buy
10/09/2023,15:12:11,MSFT,250,325.65,Buy
10/09/2023,15:18:11,META,250,316.06,Sell
10/09/2023,15:18:11,META,250,316.06,Sell
10/09/2023,15:18:11,META,250,316.06,Sell
10/09/2023,15:27:11,MSFT,250,326.51,Sell
10/09/2023,15:27:11,MSFT,250,326.51,Sell
10/09/2023,15:27:11,MSFT,250,326.51,Sell
10/10/2023,13:30:11,AAPL,250,178.30,Buy
10/10/2023,13:30:11,AAPL,250,178.30,Buy
10/10/2023,13:30:11,AAPL,250,178.30,Buy
10/10/2023,13:32:11,META,250,318.75,Buy
10/10/2023,13:32:11,META,250,318.75,Buy
10/10/2023,13:32:11,META,250,318.75,Buy
10/10/2023,13:32:11,AMZN,250,128.34,Buy
10/10/2023,13:32:11,AMZN,250,128.34,Buy
10/10/2023,13:32:11,AMZN,250,128.34,Buy
10/10/2023,13:45:11,AAPL,250,178.33,Sell
10/10/2023,13:45:11,AAPL,250,178.33,Sell
10/10/2023,13:45:11,AAPL,250,178.33,Sell
10/10/2023,13:47:11,META,250,319.64,Sell
10/10/2023,13:47:11,META,250,319.64,Sell
10/10/2023,13:47:11,META,250,319.64,Sell
10/10/2023,13:47:11,AMZN,250,129.52,Sell
10/10/2023,13:47:11,AMZN,250,129.52,Sell
10/10/2023,13:47:11,AMZN,250,129.52,Sell
10/10/2023,13:48:11,META,250,319.02,Buy
10/10/2023,13:48:11,META,250,319.02,Buy
10/10/2023,13:48:11,META,250,319.02,Buy
10/10/2023,14:03:11,META,250,320.64,Sell
10/10/2023,14:03:11,META,250,320.64,Sell
10/10/2023,14:03:11,META,250,320.64,Sell
10/10/2023,14:09:11,META,250,319.47,Buy
10/10/2023,14:09:11,META,250,319.47,Buy
10/10/2023,14:09:11,META,250,319.47,Buy
10/10/2023,14:24:11,META,250,319.70,Sell
10/10/2023,14:24:11,META,250,319.70,Sell
10/10/2023,14:24:11,META,250,319.70,Sell
10/10/2023,14:44:11,META,250,321.08,Buy
10/10/2023,14:44:11,META,250,321.08,Buy
10/10/2023,14:44:11,META,250,321.08,Buy
10/10/2023,14:59:11,META,250,322.06,Sell
10/10/2023,14:59:11,META,250,322.06,Sell
10/10/2023,14:59:11,META,250,322.06,Sell
10/10/2023,15:08:11,META,250,322.06,Buy
10/10/2023,15:08:11,META,250,322.06,Buy
10/10/2023,15:08:11,META,250,322.06,Buy
10/10/2023,15:23:11,META,250,322.89,Sell
10/10/2023,15:23:11,META,250,322.89,Sell
10/10/2023,15:23:11,META,250,322.89,Sell
10/10/2023,17:08:11,META,250,320.79,Buy
10/10/2023,17:08:11,META,250,320.79,Buy
10/10/2023,17:08:11,META,250,320.79,Buy
10/10/2023,17:15:11,MSFT,250,327.70,Buy
10/10/2023,17:15:11,MSFT,250,327.70,Buy
10/10/2023,17:15:11,MSFT,250,327.70,Buy
10/10/2023,17:23:11,META,250,321.30,Sell
10/10/2023,17:23:11,META,250,321.30,Sell
10/10/2023,17:23:11,META,250,321.30,Sell
10/10/2023,17:24:11,META,250,321.16,Buy
10/10/2023,17:24:11,META,250,321.16,Buy
10/10/2023,17:24:11,META,250,321.16,Buy
10/10/2023,17:30:11,MSFT,250,328.28,Sell
10/10/2023,17:30:11,MSFT,250,328.28,Sell
10/10/2023,17:30:11,MSFT,250,328.28,Sell
10/10/2023,17:39:11,META,250,322.40,Sell
10/10/2023,17:39:11,META,250,322.40,Sell
10/10/2023,17:39:11,META,250,322.40,Sell
10/11/2023,13:30:11,MSFT,250,330.98,Buy
10/11/2023,13:30:11,MSFT,250,330.98,Buy
10/11/2023,13:30:11,MSFT,250,330.98,Buy
10/11/2023,13:31:11,META,250,323.33,Buy
10/11/2023,13:31:11,META,250,323.33,Buy
10/11/2023,13:31:11,META,250,323.33,Buy
10/11/2023,13:31:11,AMZN,250,130.11,Buy
10/11/2023,13:31:11,AMZN,250,130.11,Buy
10/11/2023,13:31:11,AMZN,250,130.11,Buy
10/11/2023,13:31:11,AAPL,250,178.29,Buy
10/11/2023,13:31:11,AAPL,250,178.29,Buy
10/11/2023,13:31:11,AAPL,250,178.29,Buy
10/11/2023,13:32:11,GOOG,250,140.40,Buy
10/11/2023,13:32:11,GOOG,250,140.40,Buy
10/11/2023,13:32:11,GOOG,250,140.40,Buy
10/11/2023,13:45:11,MSFT,250,331.37,Sell
10/11/2023,13:45:11,MSFT,250,331.37,Sell
10/11/2023,13:45:11,MSFT,250,331.37,Sell
10/11/2023,13:46:11,AAPL,250,178.41,Sell
10/11/2023,13:46:11,AAPL,250,178.41,Sell
10/11/2023,13:46:11,AAPL,250,178.41,Sell
10/11/2023,13:46:11,META,250,327.10,Sell
10/11/2023,13:46:11,META,250,327.10,Sell
10/11/2023,13:46:11,META,250,327.10,Sell
10/11/2023,13:46:11,AMZN,250,130.41,Sell
10/11/2023,13:46:11,AMZN,250,130.41,Sell
10/11/2023,13:46:11,AMZN,250,130.41,Sell
10/11/2023,13:47:11,GOOG,250,141.04,Sell
10/11/2023,13:47:11,GOOG,250,141.04,Sell
10/11/2023,13:47:11,GOOG,250,141.04,Sell
10/11/2023,14:50:11,META,250,326.47,Buy
10/11/2023,14:50:11,META,250,326.47,Buy
10/11/2023,14:50:11,META,250,326.47,Buy
10/11/2023,15:05:11,META,250,326.96,Sell
10/11/2023,15:05:11,META,250,326.96,Sell
10/11/2023,15:05:11,META,250,326.96,Sell
10/11/2023,15:29:11,META,250,325.66,Buy
10/11/2023,15:29:11,META,250,325.66,Buy
10/11/2023,15:29:11,META,250,325.66,Buy
10/11/2023,15:32:11,MSFT,250,330.73,Buy
10/11/2023,15:32:11,MSFT,250,330.73,Buy
10/11/2023,15:32:11,MSFT,250,330.73,Buy
10/11/2023,15:43:11,AMZN,250,129.84,Buy
10/11/2023,15:43:11,AMZN,250,129.84,Buy
10/11/2023,15:43:11,AMZN,250,129.84,Buy
10/11/2023,15:44:11,META,250,325.77,Sell
10/11/2023,15:44:11,META,250,325.77,Sell
10/11/2023,15:44:11,META,250,325.77,Sell
10/11/2023,15:47:11,MSFT,250,331.30,Sell
10/11/2023,15:47:11,MSFT,250,331.30,Sell
10/11/2023,15:47:11,MSFT,250,331.30,Sell
10/11/2023,15:58:11,AMZN,250,130.22,Sell
10/11/2023,15:58:11,AMZN,250,130.22,Sell
10/11/2023,15:58:11,AMZN,250,130.22,Sell
10/11/2023,16:08:11,MSFT,250,330.20,Buy
10/11/2023,16:08:11,MSFT,250,330.20,Buy
10/11/2023,16:08:11,MSFT,250,330.20,Buy
10/11/2023,16:15:11,META,250,325.04,Buy
10/11/2023,16:15:11,META,250,325.04,Buy
10/11/2023,16:15:11,META,250,325.04,Buy
10/11/2023,16:23:11,MSFT,250,330.37,Sell
10/11/2023,16:23:11,MSFT,250,330.37,Sell
10/11/2023,16:23:11,MSFT,250,330.37,Sell
10/11/2023,16:30:11,META,250,325.30,Sell
10/11/2023,16:30:11,META,250,325.30,Sell
10/11/2023,16:30:11,META,250,325.30,Sell
10/11/2023,16:49:11,MSFT,250,330.02,Buy
10/11/2023,16:49:11,MSFT,250,330.02,Buy
10/11/2023,16:49:11,MSFT,250,330.02,Buy
10/11/2023,16:56:11,AMZN,250,130.24,Buy
10/11/2023,16:56:11,AMZN,250,130.24,Buy
10/11/2023,16:56:11,AMZN,250,130.24,Buy
10/11/2023,17:04:11,MSFT,250,330.23,Sell
10/11/2023,17:04:11,MSFT,250,330.23,Sell
10/11/2023,17:04:11,MSFT,250,330.23,Sell
10/11/2023,17:07:11,MSFT,250,330.18,Buy
10/11/2023,17:07:11,MSFT,250,330.18,Buy
10/11/2023,17:07:11,MSFT,250,330.18,Buy
10/11/2023,17:11:11,AMZN,250,130.41,Sell
10/11/2023,17:11:11,AMZN,250,130.41,Sell
10/11/2023,17:11:11,AMZN,250,130.41,Sell
10/11/2023,17:22:10,MSFT,250,329.42,Sell
10/11/2023,17:22:10,MSFT,250,329.42,Sell
10/11/2023,17:22:10,MSFT,250,329.42,Sell
10/11/2023,17:23:11,MSFT,250,329.47,Buy
10/11/2023,17:23:11,MSFT,250,329.47,Buy
10/11/2023,17:23:11,MSFT,250,329.47,Buy
10/11/2023,17:38:11,MSFT,250,329.45,Sell
10/11/2023,17:38:11,MSFT,250,329.45,Sell
10/11/2023,17:38:11,MSFT,250,329.45,Sell
10/11/2023,17:41:11,MSFT,250,329.50,Buy
10/11/2023,17:41:11,MSFT,250,329.50,Buy
10/11/2023,17:41:11,MSFT,250,329.50,Buy
10/11/2023,17:42:11,META,250,324.98,Buy
10/11/2023,17:42:11,META,250,324.98,Buy
10/11/2023,17:42:11,META,250,324.98,Buy
10/11/2023,17:56:11,MSFT,250,329.93,Sell
10/11/2023,17:56:11,MSFT,250,329.93,Sell
10/11/2023,17:56:11,MSFT,250,329.93,Sell
10/11/2023,17:57:08,META,250,325.59,Sell
10/11/2023,17:57:08,META,250,325.59,Sell
10/11/2023,17:57:08,META,250,325.59,Sell
10/11/2023,18:02:11,MSFT,250,330.39,Buy
10/11/2023,18:02:11,MSFT,250,330.39,Buy
10/11/2023,18:02:11,MSFT,250,330.39,Buy
10/11/2023,18:17:11,MSFT,250,331.06,Sell
10/11/2023,18:17:11,MSFT,250,331.06,Sell
10/11/2023,18:17:11,MSFT,250,331.06,Sell
10/11/2023,18:20:11,META,250,325.75,Buy
10/11/2023,18:20:11,META,250,325.75,Buy
10/11/2023,18:20:11,META,250,325.75,Buy
10/11/2023,18:35:11,META,250,326.12,Sell
10/11/2023,18:35:11,META,250,326.12,Sell
10/11/2023,18:35:11,META,250,326.12,Sell
10/11/2023,18:39:08,META,250,326.33,Buy
10/11/2023,18:39:08,META,250,326.33,Buy
10/11/2023,18:39:08,META,250,326.33,Buy
10/11/2023,18:54:11,META,250,326.54,Sell
10/11/2023,18:54:11,META,250,326.54,Sell
10/11/2023,18:54:11,META,250,326.54,Sell
10/12/2023,13:30:11,AAPL,250,179.96,Buy
10/12/2023,13:30:11,AAPL,250,179.96,Buy
10/12/2023,13:30:11,AAPL,250,179.96,Buy
10/12/2023,13:32:11,MSFT,250,330.00,Buy
10/12/2023,13:32:11,MSFT,250,330.00,Buy
10/12/2023,13:32:11,MSFT,250,330.00,Buy
10/12/2023,13:32:11,AMZN,250,132.64,Buy
10/12/2023,13:32:11,AMZN,250,132.64,Buy
10/12/2023,13:32:11,AMZN,250,132.64,Buy
10/12/2023,13:45:11,AAPL,250,180.49,Sell
10/12/2023,13:45:11,AAPL,250,180.49,Sell
10/12/2023,13:45:11,AAPL,250,180.49,Sell
10/12/2023,13:47:11,MSFT,250,331.15,Sell
10/12/2023,13:47:11,MSFT,250,331.15,Sell
10/12/2023,13:47:11,MSFT,250,331.15,Sell
10/12/2023,13:47:11,AMZN,250,131.89,Sell
10/12/2023,13:47:11,AMZN,250,131.89,Sell
10/12/2023,13:47:11,AMZN,250,131.89,Sell
10/13/2023,13:31:11,MSFT,250,332.61,Buy
10/13/2023,13:31:11,MSFT,250,332.61,Buy
10/13/2023,13:31:11,MSFT,250,332.61,Buy
10/13/2023,13:46:11,MSFT,250,332.17,Sell
10/13/2023,13:46:11,MSFT,250,332.17,Sell
10/13/2023,13:46:11,MSFT,250,332.17,Sell
10/13/2023,17:29:11,META,250,312.85,Buy
10/13/2023,17:29:11,META,250,312.85,Buy
10/13/2023,17:29:11,META,250,312.85,Buy
10/13/2023,17:33:11,MSFT,250,326.43,Buy
10/13/2023,17:33:11,MSFT,250,326.43,Buy
10/13/2023,17:33:11,MSFT,250,326.43,Buy
10/13/2023,17:44:11,META,250,313.99,Sell
10/13/2023,17:44:11,META,250,313.99,Sell
10/13/2023,17:44:11,META,250,313.99,Sell
10/13/2023,17:48:11,MSFT,250,327.95,Sell
10/13/2023,17:48:11,MSFT,250,327.95,Sell
10/13/2023,17:48:11,MSFT,250,327.95,Sell
10/13/2023,17:50:11,MSFT,250,328.03,Buy
10/13/2023,17:50:11,MSFT,250,328.03,Buy
10/13/2023,17:50:11,MSFT,250,328.03,Buy
10/13/2023,18:05:11,MSFT,250,328.30,Sell
10/13/2023,18:05:11,MSFT,250,328.30,Sell
10/13/2023,18:05:11,MSFT,250,328.30,Sell
10/13/2023,18:10:11,MSFT,250,328.02,Buy
10/13/2023,18:10:11,MSFT,250,328.02,Buy
10/13/2023,18:10:11,MSFT,250,328.02,Buy
10/13/2023,18:25:11,MSFT,250,327.95,Sell
10/13/2023,18:25:11,MSFT,250,327.95,Sell
10/13/2023,18:25:11,MSFT,250,327.95,Sell
10/13/2023,18:27:11,MSFT,250,327.97,Buy
10/13/2023,18:27:11,MSFT,250,327.97,Buy
10/13/2023,18:27:11,MSFT,250,327.97,Buy
10/13/2023,18:42:11,MSFT,250,328.95,Sell
10/13/2023,18:42:11,MSFT,250,328.95,Sell
10/13/2023,18:42:11,MSFT,250,328.95,Sell
10/13/2023,19:43:11,MSFT,250,327.53,Buy
10/13/2023,19:43:11,MSFT,250,327.53,Buy
10/13/2023,19:43:11,MSFT,250,327.53,Buy
10/13/2023,19:58:11,MSFT,250,327.59,Sell
10/13/2023,19:58:11,MSFT,250,327.59,Sell
10/13/2023,19:58:11,MSFT,250,327.59,Sell
10/16/2023,13:30:11,META,250,318.14,Buy
10/16/2023,13:30:11,META,250,318.14,Buy
10/16/2023,13:30:11,META,250,318.14,Buy
10/16/2023,13:30:11,MSFT,250,331.26,Buy
10/16/2023,13:30:11,MSFT,250,331.26,Buy
10/16/2023,13:30:11,MSFT,250,331.26,Buy
10/16/2023,13:31:11,AAPL,250,177.24,Buy
10/16/2023,13:31:11,AAPL,250,177.24,Buy
10/16/2023,13:31:11,AAPL,250,177.24,Buy
10/16/2023,13:32:11,GOOG,250,139.66,Buy
10/16/2023,13:32:11,GOOG,250,139.66,Buy
10/16/2023,13:32:11,GOOG,250,139.66,Buy
10/16/2023,13:33:11,AMZN,250,130.77,Buy
10/16/2023,13:33:11,AMZN,250,130.77,Buy
10/16/2023,13:33:11,AMZN,250,130.77,Buy
10/16/2023,13:45:11,META,250,316.28,Sell
10/16/2023,13:45:11,META,250,316.28,Sell
10/16/2023,13:45:11,META,250,316.28,Sell
10/16/2023,13:45:11,MSFT,250,331.52,Sell
10/16/2023,13:45:11,MSFT,250,331.52,Sell
10/16/2023,13:45:11,MSFT,250,331.52,Sell
10/16/2023,13:46:11,MSFT,250,331.52,Buy
10/16/2023,13:46:11,MSFT,250,331.52,Buy
10/16/2023,13:46:11,MSFT,250,331.52,Buy
10/16/2023,13:46:11,META,250,316.16,Buy
10/16/2023,13:46:11,META,250,316.16,Buy
10/16/2023,13:46:11,META,250,316.16,Buy
10/16/2023,13:46:11,AAPL,250,177.40,Sell
10/16/2023,13:46:11,AAPL,250,177.40,Sell
10/16/2023,13:46:11,AAPL,250,177.40,Sell
10/16/2023,13:47:11,GOOG,250,139.60,Sell
10/16/2023,13:47:11,GOOG,250,139.60,Sell
10/16/2023,13:47:11,GOOG,250,139.60,Sell
10/16/2023,13:48:11,AMZN,250,131.68,Sell
10/16/2023,13:48:11,AMZN,250,131.68,Sell
10/16/2023,13:48:11,AMZN,250,131.68,Sell
10/16/2023,14:01:11,META,250,316.89,Sell
10/16/2023,14:01:11,META,250,316.89,Sell
10/16/2023,14:01:11,META,250,316.89,Sell
10/16/2023,14:01:11,MSFT,250,332.56,Sell
10/16/2023,14:01:11,MSFT,250,332.56,Sell
10/16/2023,14:01:11,MSFT,250,332.56,Sell
10/16/2023,14:02:11,META,250,316.43,Buy
10/16/2023,14:02:11,META,250,316.43,Buy
10/16/2023,14:02:11,META,250,316.43,Buy
10/16/2023,14:17:11,META,250,318.61,Sell
10/16/2023,14:17:11,META,250,318.61,Sell
10/16/2023,14:17:11,META,250,318.61,Sell
10/16/2023,14:18:11,META,250,318.77,Buy
10/16/2023,14:18:11,META,250,318.77,Buy
10/16/2023,14:18:11,META,250,318.77,Buy
10/16/2023,14:33:11,META,250,319.89,Sell
10/16/2023,14:33:11,META,250,319.89,Sell
10/16/2023,14:33:11,META,250,319.89,Sell
10/16/2023,14:39:11,META,250,318.78,Buy
10/16/2023,14:39:11,META,250,318.78,Buy
10/16/2023,14:39:11,META,250,318.78,Buy
10/16/2023,14:54:11,META,250,318.29,Sell
10/16/2023,14:54:11,META,250,318.29,Sell
10/16/2023,14:54:11,META,250,318.29,Sell
10/16/2023,14:56:11,META,250,318.33,Buy
10/16/2023,14:56:11,META,250,318.33,Buy
10/16/2023,14:56:11,META,250,318.33,Buy
10/16/2023,15:11:11,META,250,319.59,Sell
10/16/2023,15:11:11,META,250,319.59,Sell
10/16/2023,15:11:11,META,250,319.59,Sell
10/16/2023,15:13:11,META,250,319.49,Buy
10/16/2023,15:13:11,META,250,319.49,Buy
10/16/2023,15:13:11,META,250,319.49,Buy
10/16/2023,15:22:11,MSFT,250,334.00,Buy
10/16/2023,15:22:11,MSFT,250,334.00,Buy
10/16/2023,15:22:11,MSFT,250,334.00,Buy
10/16/2023,15:28:11,META,250,319.93,Sell
10/16/2023,15:28:11,META,250,319.93,Sell
10/16/2023,15:28:11,META,250,319.93,Sell
10/16/2023,15:34:11,META,250,319.95,Buy
10/16/2023,15:34:11,META,250,319.95,Buy
10/16/2023,15:34:11,META,250,319.95,Buy
10/16/2023,15:37:11,MSFT,250,334.17,Sell
10/16/2023,15:37:11,MSFT,250,334.17,Sell
10/16/2023,15:37:11,MSFT,250,334.17,Sell
10/16/2023,15:39:11,MSFT,250,334.08,Buy
10/16/2023,15:39:11,MSFT,250,334.08,Buy
10/16/2023,15:39:11,MSFT,250,334.08,Buy
10/16/2023,15:49:11,META,250,319.33,Sell
10/16/2023,15:49:11,META,250,319.33,Sell
10/16/2023,15:49:11,META,250,319.33,Sell
10/16/2023,15:54:11,MSFT,250,333.99,Sell
10/16/2023,15:54:11,MSFT,250,333.99,Sell
10/16/2023,15:54:11,MSFT,250,333.99,Sell
10/16/2023,16:05:11,MSFT,250,333.27,Buy
10/16/2023,16:05:11,MSFT,250,333.27,Buy
10/16/2023,16:05:11,MSFT,250,333.27,Buy
10/16/2023,16:20:11,MSFT,250,333.39,Sell
10/16/2023,16:20:11,MSFT,250,333.39,Sell
10/16/2023,16:20:11,MSFT,250,333.39,Sell
10/17/2023,13:30:11,AMZN,250,129.88,Buy
10/17/2023,13:30:11,AMZN,250,129.88,Buy
10/17/2023,13:30:11,AMZN,250,129.88,Buy
10/17/2023,13:31:11,META,250,319.70,Buy
10/17/2023,13:31:11,META,250,319.70,Buy
10/17/2023,13:31:11,META,250,319.70,Buy
10/17/2023,13:45:11,AMZN,250,129.38,Sell
10/17/2023,13:45:11,AMZN,250,129.38,Sell
10/17/2023,13:45:11,AMZN,250,129.38,Sell
10/17/2023,13:46:11,META,250,318.17,Sell
10/17/2023,13:46:11,META,250,318.17,Sell
10/17/2023,13:46:11,META,250,318.17,Sell
10/17/2023,13:47:11,META,250,318.15,Buy
10/17/2023,13:47:11,META,250,318.15,Buy
10/17/2023,13:47:11,META,250,318.15,Buy
10/17/2023,14:02:11,META,250,319.56,Sell
10/17/2023,14:02:11,META,250,319.56,Sell
10/17/2023,14:02:11,META,250,319.56,Sell
10/17/2023,14:03:11,META,250,319.59,Buy
10/17/2023,14:03:11,META,250,319.59,Buy
10/17/2023,14:03:11,META,250,319.59,Buy
10/17/2023,14:18:11,META,250,320.83,Sell
10/17/2023,14:18:11,META,250,320.83,Sell
10/17/2023,14:18:11,META,250,320.83,Sell
10/18/2023,13:30:11,META,250,322.20,Buy
10/18/2023,13:30:11,META,250,322.20,Buy
10/18/2023,13:30:11,META,250,322.20,Buy
10/18/2023,13:45:11,META,250,322.49,Sell
10/18/2023,13:45:11,META,250,322.49,Sell
10/18/2023,13:45:11,META,250,322.49,Sell
10/18/2023,19:14:11,META,250,318.36,Buy
10/18/2023,19:14:11,META,250,318.36,Buy
10/18/2023,19:14:11,META,250,318.36,Buy
10/18/2023,19:29:11,META,250,317.94,Sell
10/18/2023,19:29:11,META,250,317.94,Sell
10/18/2023,19:29:11,META,250,317.94,Sell
10/18/2023,19:30:11,MSFT,250,329.76,Buy
10/18/2023,19:30:11,MSFT,250,329.76,Buy
10/18/2023,19:30:11,MSFT,250,329.76,Buy
10/18/2023,19:45:11,MSFT,250,329.61,Sell
10/18/2023,19:45:11,MSFT,250,329.61,Sell
10/18/2023,19:45:11,MSFT,250,329.61,Sell
10/18/2023,19:49:11,MSFT,250,328.72,Buy
10/18/2023,19:49:11,MSFT,250,328.72,Buy
10/18/2023,19:49:11,MSFT,250,328.72,Buy
10/18/2023,20:04:04,MSFT,250,330.06,Sell
10/18/2023,20:04:04,MSFT,250,330.06,Sell
10/18/2023,20:04:04,MSFT,250,330.06,Sell
10/19/2023,13:30:11,MSFT,250,333.00,Buy
10/19/2023,13:30:11,MSFT,250,333.00,Buy
10/19/2023,13:30:11,MSFT,250,333.00,Buy
10/19/2023,13:30:11,GOOG,250,139.85,Buy
10/19/2023,13:30:11,GOOG,250,139.85,Buy
10/19/2023,13:30:11,GOOG,250,139.85,Buy
10/19/2023,13:30:11,AAPL,250,176.08,Buy
10/19/2023,13:30:11,AAPL,250,176.08,Buy
10/19/2023,13:30:11,AAPL,250,176.08,Buy
10/19/2023,13:45:11,GOOG,250,139.88,Sell
10/19/2023,13:45:11,GOOG,250,139.88,Sell
10/19/2023,13:45:11,GOOG,250,139.88,Sell
10/19/2023,13:45:11,AAPL,250,176.14,Sell
10/19/2023,13:45:11,AAPL,250,176.14,Sell
10/19/2023,13:45:11,AAPL,250,176.14,Sell
10/19/2023,13:45:11,MSFT,250,333.20,Sell
10/19/2023,13:45:11,MSFT,250,333.20,Sell
10/19/2023,13:45:11,MSFT,250,333.20,Sell
10/19/2023,14:28:11,MSFT,250,333.12,Buy
10/19/2023,14:28:11,MSFT,250,333.12,Buy
10/19/2023,14:28:11,MSFT,250,333.12,Buy
10/19/2023,14:43:11,MSFT,250,333.98,Sell
10/19/2023,14:43:11,MSFT,250,333.98,Sell
10/19/2023,14:43:11,MSFT,250,333.98,Sell
10/19/2023,14:45:11,MSFT,250,334.07,Buy
10/19/2023,14:45:11,MSFT,250,334.07,Buy
10/19/2023,14:45:11,MSFT,250,334.07,Buy
10/19/2023,15:00:11,MSFT,250,333.49,Sell
10/19/2023,15:00:11,MSFT,250,333.49,Sell
10/19/2023,15:00:11,MSFT,250,333.49,Sell
10/19/2023,15:02:11,MSFT,250,333.30,Buy
10/19/2023,15:02:11,MSFT,250,333.30,Buy
10/19/2023,15:02:11,MSFT,250,333.30,Buy
10/19/2023,15:17:11,MSFT,250,332.63,Sell
10/19/2023,15:17:11,MSFT,250,332.63,Sell
10/19/2023,15:17:11,MSFT,250,332.63,Sell
10/19/2023,15:21:11,MSFT,250,332.52,Buy
10/19/2023,15:21:11,MSFT,250,332.52,Buy
10/19/2023,15:21:11,MSFT,250,332.52,Buy
10/19/2023,15:36:11,MSFT,250,333.67,Sell
10/19/2023,15:36:11,MSFT,250,333.67,Sell
10/19/2023,15:36:11,MSFT,250,333.67,Sell
10/19/2023,15:59:11,MSFT,250,334.46,Buy
10/19/2023,15:59:11,MSFT,250,334.46,Buy
10/19/2023,15:59:11,MSFT,250,334.46,Buy
10/19/2023,16:14:11,MSFT,250,334.93,Sell
10/19/2023,16:14:11,MSFT,250,334.93,Sell
10/19/2023,16:14:11,MSFT,250,334.93,Sell
10/19/2023,16:37:11,MSFT,250,332.38,Buy
10/19/2023,16:37:11,MSFT,250,332.38,Buy
10/19/2023,16:37:11,MSFT,250,332.38,Buy
10/19/2023,16:37:11,META,250,314.33,Buy
10/19/2023,16:37:11,META,250,314.33,Buy
10/19/2023,16:37:11,META,250,314.33,Buy
10/19/2023,16:52:11,META,250,315.78,Sell
10/19/2023,16:52:11,META,250,315.78,Sell
10/19/2023,16:52:11,META,250,315.78,Sell
10/19/2023,16:52:11,MSFT,250,333.81,Sell
10/19/2023,16:52:11,MSFT,250,333.81,Sell
10/19/2023,16:52:11,MSFT,250,333.81,Sell
10/19/2023,16:53:11,META,250,316.76,Buy
10/19/2023,16:53:11,META,250,316.76,Buy
10/19/2023,16:53:11,META,250,316.76,Buy
10/19/2023,16:53:11,MSFT,250,334.64,Buy
10/19/2023,16:53:11,MSFT,250,334.64,Buy
10/19/2023,16:53:11,MSFT,250,334.64,Buy
10/19/2023,17:08:11,META,250,318.48,Sell
10/19/2023,17:08:11,META,250,318.48,Sell
10/19/2023,17:08:11,META,250,318.48,Sell
10/19/2023,17:08:11,MSFT,250,336.30,Sell
10/19/2023,17:08:11,MSFT,250,336.30,Sell
10/19/2023,17:08:11,MSFT,250,336.30,Sell
10/19/2023,17:39:11,MSFT,250,333.80,Buy
10/19/2023,17:39:11,MSFT,250,333.80,Buy
10/19/2023,17:39:11,MSFT,250,333.80,Buy
10/19/2023,17:40:11,META,250,314.70,Buy
10/19/2023,17:40:11,META,250,314.70,Buy
10/19/2023,17:40:11,META,250,314.70,Buy
10/19/2023,17:54:11,MSFT,250,333.66,Sell
10/19/2023,17:54:11,MSFT,250,333.66,Sell
10/19/2023,17:54:11,MSFT,250,333.66,Sell
10/19/2023,17:55:11,META,250,313.39,Sell
10/19/2023,17:55:11,META,250,313.39,Sell
10/19/2023,17:55:11,META,250,313.39,Sell
10/19/2023,18:09:11,MSFT,250,333.90,Buy
10/19/2023,18:09:11,MSFT,250,333.90,Buy
10/19/2023,18:09:11,MSFT,250,333.90,Buy
10/19/2023,18:24:11,MSFT,250,334.03,Sell
10/19/2023,18:24:11,MSFT,250,334.03,Sell
10/19/2023,18:24:11,MSFT,250,334.03,Sell
10/19/2023,18:26:11,META,250,315.77,Buy
10/19/2023,18:26:11,META,250,315.77,Buy
10/19/2023,18:26:11,META,250,315.77,Buy
10/19/2023,18:26:11,MSFT,250,334.24,Buy
10/19/2023,18:26:11,MSFT,250,334.24,Buy
10/19/2023,18:26:11,MSFT,250,334.24,Buy
10/19/2023,18:40:11,AMZN,250,128.26,Buy
10/19/2023,18:40:11,AMZN,250,128.26,Buy
10/19/2023,18:40:11,AMZN,250,128.26,Buy
10/19/2023,18:41:11,META,250,312.46,Sell
10/19/2023,18:41:11,META,250,312.46,Sell
10/19/2023,18:41:11,META,250,312.46,Sell
10/19/2023,18:41:11,MSFT,250,332.09,Sell
10/19/2023,18:41:11,MSFT,250,332.09,Sell
10/19/2023,18:41:11,MSFT,250,332.09,Sell
10/19/2023,18:43:11,META,250,312.30,Buy
10/19/2023,18:43:11,META,250,312.30,Buy
10/19/2023,18:43:11,META,250,312.30,Buy
10/19/2023,18:44:11,MSFT,250,332.03,Buy
10/19/2023,18:44:11,MSFT,250,332.03,Buy
10/19/2023,18:44:11,MSFT,250,332.03,Buy
10/19/2023,18:55:11,AMZN,250,127.99,Sell
10/19/2023,18:55:11,AMZN,250,127.99,Sell
10/19/2023,18:55:11,AMZN,250,127.99,Sell
10/19/2023,18:58:11,META,250,313.68,Sell
10/19/2023,18:58:11,META,250,313.68,Sell
10/19/2023,18:58:11,META,250,313.68,Sell
10/19/2023,18:59:11,MSFT,250,332.17,Sell
10/19/2023,18:59:11,MSFT,250,332.17,Sell
10/19/2023,18:59:11,MSFT,250,332.17,Sell
10/19/2023,19:09:10,MSFT,250,332.34,Buy
10/19/2023,19:09:10,MSFT,250,332.34,Buy
10/19/2023,19:09:10,MSFT,250,332.34,Buy
10/19/2023,19:13:11,META,250,312.91,Buy
10/19/2023,19:13:11,META,250,312.91,Buy
10/19/2023,19:13:11,META,250,312.91,Buy
10/19/2023,19:14:11,AMZN,250,128.38,Buy
10/19/2023,19:14:11,AMZN,250,128.38,Buy
10/19/2023,19:14:11,AMZN,250,128.38,Buy
10/19/2023,19:24:11,MSFT,250,331.61,Sell
10/19/2023,19:24:11,MSFT,250,331.61,Sell
10/19/2023,19:24:11,MSFT,250,331.61,Sell
10/19/2023,19:25:11,MSFT,250,331.82,Buy
10/19/2023,19:25:11,MSFT,250,331.82,Buy
10/19/2023,19:25:11,MSFT,250,331.82,Buy
10/19/2023,19:28:11,META,250,313.17,Sell
10/19/2023,19:28:11,META,250,313.17,Sell
10/19/2023,19:28:11,META,250,313.17,Sell
10/19/2023,19:29:11,AMZN,250,128.05,Sell
10/19/2023,19:29:11,AMZN,250,128.05,Sell
10/19/2023,19:29:11,AMZN,250,128.05,Sell
10/19/2023,19:30:11,AMZN,250,128.20,Buy
10/19/2023,19:30:11,AMZN,250,128.20,Buy
10/19/2023,19:30:11,AMZN,250,128.20,Buy
10/19/2023,19:31:11,META,250,313.14,Buy
10/19/2023,19:31:11,META,250,313.14,Buy
10/19/2023,19:31:11,META,250,313.14,Buy
10/19/2023,19:38:11,AAPL,250,175.92,Buy
10/19/2023,19:38:11,AAPL,250,175.92,Buy
10/19/2023,19:38:11,AAPL,250,175.92,Buy
10/19/2023,19:40:11,MSFT,250,332.09,Sell
10/19/2023,19:40:11,MSFT,250,332.09,Sell
10/19/2023,19:40:11,MSFT,250,332.09,Sell
10/19/2023,19:43:11,MSFT,250,331.53,Buy
10/19/2023,19:43:11,MSFT,250,331.53,Buy
10/19/2023,19:43:11,MSFT,250,331.53,Buy
10/19/2023,19:45:11,AMZN,250,127.57,Sell
10/19/2023,19:45:11,AMZN,250,127.57,Sell
10/19/2023,19:45:11,AMZN,250,127.57,Sell
10/19/2023,19:46:11,META,250,312.50,Sell
10/19/2023,19:46:11,META,250,312.50,Sell
10/19/2023,19:46:11,META,250,312.50,Sell
10/19/2023,19:49:11,AMZN,250,127.97,Buy
10/19/2023,19:49:11,AMZN,250,127.97,Buy
10/19/2023,19:49:11,AMZN,250,127.97,Buy
10/19/2023,19:53:11,AAPL,250,175.60,Sell
10/19/2023,19:53:11,AAPL,250,175.60,Sell
10/19/2023,19:53:11,AAPL,250,175.60,Sell
10/19/2023,19:58:11,MSFT,250,331.60,Sell
10/19/2023,19:58:11,MSFT,250,331.60,Sell
10/19/2023,19:58:11,MSFT,250,331.60,Sell
10/19/2023,19:59:11,MSFT,250,331.55,Buy
10/19/2023,19:59:11,MSFT,250,331.55,Buy
10/19/2023,19:59:11,MSFT,250,331.55,Buy
10/19/2023,20:04:11,AMZN,250,127.94,Sell
10/19/2023,20:04:11,AMZN,250,127.94,Sell
10/19/2023,20:04:11,AMZN,250,127.94,Sell
10/19/2023,20:14:11,MSFT,250,330.66,Sell
10/19/2023,20:14:11,MSFT,250,330.66,Sell
10/19/2023,20:14:11,MSFT,250,330.66,Sell
10/20/2023,15:04:11,META,250,307.42,Buy
10/20/2023,15:04:11,META,250,307.42,Buy
10/20/2023,15:04:11,META,250,307.42,Buy
10/20/2023,15:19:11,META,250,307.52,Sell
10/20/2023,15:19:11,META,250,307.52,Sell
10/20/2023,15:19:11,META,250,307.52,Sell
10/20/2023,16:43:11,META,250,310.04,Buy
10/20/2023,16:43:11,META,250,310.04,Buy
10/20/2023,16:43:11,META,250,310.04,Buy
10/20/2023,16:58:10,META,250,310.83,Sell
10/20/2023,16:58:10,META,250,310.83,Sell
10/20/2023,16:58:10,META,250,310.83,Sell
10/23/2023,13:30:11,MSFT,250,326.10,Buy
10/23/2023,13:30:11,MSFT,250,326.10,Buy
10/23/2023,13:30:11,MSFT,250,326.10,Buy
10/23/2023,13:31:11,GOOG,250,136.44,Buy
10/23/2023,13:31:11,GOOG,250,136.44,Buy
10/23/2023,13:31:11,GOOG,250,136.44,Buy
10/23/2023,13:32:11,AMZN,250,124.45,Buy
10/23/2023,13:32:11,AMZN,250,124.45,Buy
10/23/2023,13:32:11,AMZN,250,124.45,Buy
10/23/2023,13:33:11,AAPL,250,170.91,Buy
10/23/2023,13:33:11,AAPL,250,170.91,Buy
10/23/2023,13:33:11,AAPL,250,170.91,Buy
10/23/2023,13:38:11,META,250,308.41,Buy
10/23/2023,13:38:11,META,250,308.41,Buy
10/23/2023,13:38:11,META,250,308.41,Buy
10/23/2023,13:45:11,MSFT,250,325.21,Sell
10/23/2023,13:45:11,MSFT,250,325.21,Sell
10/23/2023,13:45:11,MSFT,250,325.21,Sell
10/23/2023,13:46:11,GOOG,250,135.54,Sell
10/23/2023,13:46:11,GOOG,250,135.54,Sell
10/23/2023,13:46:11,GOOG,250,135.54,Sell
10/23/2023,13:47:11,AMZN,250,124.10,Sell
10/23/2023,13:47:11,AMZN,250,124.10,Sell
10/23/2023,13:47:11,AMZN,250,124.10,Sell
10/23/2023,13:48:11,MSFT,250,325.43,Buy
10/23/2023,13:48:11,MSFT,250,325.43,Buy
10/23/2023,13:48:11,MSFT,250,325.43,Buy
10/23/2023,13:48:11,AAPL,250,170.50,Sell
10/23/2023,13:48:11,AAPL,250,170.50,Sell
10/23/2023,13:48:11,AAPL,250,170.50,Sell
10/23/2023,13:53:11,META,250,310.26,Sell
10/23/2023,13:53:11,META,250,310.26,Sell
10/23/2023,13:53:11,META,250,310.26,Sell
10/23/2023,13:54:11,META,250,310.41,Buy
10/23/2023,13:54:11,META,250,310.41,Buy
10/23/2023,13:54:11,META,250,310.41,Buy
10/23/2023,14:02:11,AMZN,250,124.44,Buy
10/23/2023,14:02:11,AMZN,250,124.44,Buy
10/23/2023,14:02:11,AMZN,250,124.44,Buy
10/23/2023,14:03:11,MSFT,250,326.79,Sell
10/23/2023,14:03:11,MSFT,250,326.79,Sell
10/23/2023,14:03:11,MSFT,250,326.79,Sell
10/23/2023,14:04:11,MSFT,250,327.00,Buy
10/23/2023,14:04:11,MSFT,250,327.00,Buy
10/23/2023,14:04:11,MSFT,250,327.00,Buy
10/23/2023,14:09:11,META,250,311.65,Sell
10/23/2023,14:09:11,META,250,311.65,Sell
10/23/2023,14:09:11,META,250,311.65,Sell
10/23/2023,14:11:11,META,250,311.60,Buy
10/23/2023,14:11:11,META,250,311.60,Buy
10/23/2023,14:11:11,META,250,311.60,Buy
10/23/2023,14:17:11,AMZN,250,125.09,Sell
10/23/2023,14:17:11,AMZN,250,125.09,Sell
10/23/2023,14:17:11,AMZN,250,125.09,Sell
10/23/2023,14:19:11,MSFT,250,327.47,Sell
10/23/2023,14:19:11,MSFT,250,327.47,Sell
10/23/2023,14:19:11,MSFT,250,327.47,Sell
10/23/2023,14:20:11,MSFT,250,327.12,Buy
10/23/2023,14:20:11,MSFT,250,327.12,Buy
10/23/2023,14:20:11,MSFT,250,327.12,Buy
10/23/2023,14:26:11,META,250,312.52,Sell
10/23/2023,14:26:11,META,250,312.52,Sell
10/23/2023,14:26:11,META,250,312.52,Sell
10/23/2023,14:28:11,META,250,312.15,Buy
10/23/2023,14:28:11,META,250,312.15,Buy
10/23/2023,14:28:11,META,250,312.15,Buy
10/23/2023,14:35:11,MSFT,250,327.03,Sell
10/23/2023,14:35:11,MSFT,250,327.03,Sell
10/23/2023,14:35:11,MSFT,250,327.03,Sell
10/23/2023,14:37:11,MSFT,250,326.81,Buy
10/23/2023,14:37:11,MSFT,250,326.81,Buy
10/23/2023,14:37:11,MSFT,250,326.81,Buy
10/23/2023,14:43:11,META,250,312.46,Sell
10/23/2023,14:43:11,META,250,312.46,Sell
10/23/2023,14:43:11,META,250,312.46,Sell
10/23/2023,14:45:11,META,250,312.01,Buy
10/23/2023,14:45:11,META,250,312.01,Buy
10/23/2023,14:45:11,META,250,312.01,Buy
10/23/2023,14:52:11,MSFT,250,327.61,Sell
10/23/2023,14:52:11,MSFT,250,327.61,Sell
10/23/2023,14:52:11,MSFT,250,327.61,Sell
10/23/2023,14:54:11,MSFT,250,327.55,Buy
10/23/2023,14:54:11,MSFT,250,327.55,Buy
10/23/2023,14:54:11,MSFT,250,327.55,Buy
10/23/2023,15:00:11,META,250,311.95,Sell
10/23/2023,15:00:11,META,250,311.95,Sell
10/23/2023,15:00:11,META,250,311.95,Sell
10/23/2023,15:01:11,META,250,312.05,Buy
10/23/2023,15:01:11,META,250,312.05,Buy
10/23/2023,15:01:11,META,250,312.05,Buy
10/23/2023,15:09:11,MSFT,250,328.09,Sell
10/23/2023,15:09:11,MSFT,250,328.09,Sell
10/23/2023,15:09:11,MSFT,250,328.09,Sell
10/23/2023,15:14:11,MSFT,250,328.99,Buy
10/23/2023,15:14:11,MSFT,250,328.99,Buy
10/23/2023,15:14:11,MSFT,250,328.99,Buy
10/23/2023,15:16:11,META,250,314.21,Sell
10/23/2023,15:16:11,META,250,314.21,Sell
10/23/2023,15:16:11,META,250,314.21,Sell
10/23/2023,15:17:11,META,250,313.89,Buy
10/23/2023,15:17:11,META,250,313.89,Buy
10/23/2023,15:17:11,META,250,313.89,Buy
10/23/2023,15:29:11,MSFT,250,329.18,Sell
10/23/2023,15:29:11,MSFT,250,329.18,Sell
10/23/2023,15:29:11,MSFT,250,329.18,Sell
10/23/2023,15:32:11,META,250,314.33,Sell
10/23/2023,15:32:11,META,250,314.33,Sell
10/23/2023,15:32:11,META,250,314.33,Sell
10/23/2023,15:34:11,META,250,314.45,Buy
10/23/2023,15:34:11,META,250,314.45,Buy
10/23/2023,15:34:11,META,250,314.45,Buy
10/23/2023,15:49:11,META,250,314.84,Sell
10/23/2023,15:49:11,META,250,314.84,Sell
10/23/2023,15:49:11,META,250,314.84,Sell
10/24/2023,13:30:11,AMZN,250,127.85,Buy
10/24/2023,13:30:11,AMZN,250,127.85,Buy
10/24/2023,13:30:11,AMZN,250,127.85,Buy
10/24/2023,13:31:11,GOOG,250,139.25,Buy
10/24/2023,13:31:11,GOOG,250,139.25,Buy
10/24/2023,13:31:11,GOOG,250,139.25,Buy
10/24/2023,13:31:11,META,250,316.78,Buy
10/24/2023,13:31:11,META,250,316.78,Buy
10/24/2023,13:31:11,META,250,316.78,Buy
10/24/2023,13:45:11,AMZN,250,127.86,Sell
10/24/2023,13:45:11,AMZN,250,127.86,Sell
10/24/2023,13:45:11,AMZN,250,127.86,Sell
10/24/2023,13:46:11,GOOG,250,139.37,Sell
10/24/2023,13:46:11,GOOG,250,139.37,Sell
10/24/2023,13:46:11,GOOG,250,139.37,Sell
10/24/2023,13:46:11,META,250,315.35,Sell
10/24/2023,13:46:11,META,250,315.35,Sell
10/24/2023,13:46:11,META,250,315.35,Sell
10/24/2023,16:13:11,GOOG,250,140.39,Buy
10/24/2023,16:13:11,GOOG,250,140.39,Buy
10/24/2023,16:13:11,GOOG,250,140.39,Buy
10/24/2023,16:28:11,GOOG,250,139.30,Sell
10/24/2023,16:28:11,GOOG,250,139.30,Sell
10/24/2023,16:28:11,GOOG,250,139.30,Sell
10/24/2023,16:41:11,AMZN,250,126.75,Buy
10/24/2023,16:41:11,AMZN,250,126.75,Buy
10/24/2023,16:41:11,AMZN,250,126.75,Buy
10/24/2023,16:45:11,META,250,312.28,Buy
10/24/2023,16:45:11,META,250,312.28,Buy
10/24/2023,16:45:11,META,250,312.28,Buy
10/24/2023,16:56:11,AMZN,250,126.49,Sell
10/24/2023,16:56:11,AMZN,250,126.49,Sell
10/24/2023,16:56:11,AMZN,250,126.49,Sell
10/24/2023,16:59:11,MSFT,250,327.98,Buy
10/24/2023,16:59:11,MSFT,250,327.98,Buy
10/24/2023,16:59:11,MSFT,250,327.98,Buy
10/24/2023,17:00:11,META,250,311.59,Sell
10/24/2023,17:00:11,META,250,311.59,Sell
10/24/2023,17:00:11,META,250,311.59,Sell
10/24/2023,17:03:11,META,250,310.97,Buy
10/24/2023,17:03:11,META,250,310.97,Buy
10/24/2023,17:03:11,META,250,310.97,Buy
10/24/2023,17:14:11,MSFT,250,328.19,Sell
10/24/2023,17:14:11,MSFT,250,328.19,Sell
10/24/2023,17:14:11,MSFT,250,328.19,Sell
10/24/2023,17:18:11,META,250,312.24,Sell
10/24/2023,17:18:11,META,250,312.24,Sell
10/24/2023,17:18:11,META,250,312.24,Sell
10/24/2023,17:25:11,AMZN,250,127.12,Buy
10/24/2023,17:25:11,AMZN,250,127.12,Buy
10/24/2023,17:25:11,AMZN,250,127.12,Buy
10/24/2023,17:40:11,AMZN,250,127.45,Sell
10/24/2023,17:40:11,AMZN,250,127.45,Sell
10/24/2023,17:40:11,AMZN,250,127.45,Sell
10/24/2023,17:59:11,META,250,312.26,Buy
10/24/2023,17:59:11,META,250,312.26,Buy
10/24/2023,17:59:11,META,250,312.26,Buy
10/24/2023,18:14:11,META,250,311.78,Sell
10/24/2023,18:14:11,META,250,311.78,Sell
10/24/2023,18:14:11,META,250,311.78,Sell
10/24/2023,18:19:10,META,250,311.79,Buy
10/24/2023,18:19:10,META,250,311.79,Buy
10/24/2023,18:19:10,META,250,311.79,Buy
10/24/2023,18:34:10,META,250,313.01,Sell
10/24/2023,18:34:10,META,250,313.01,Sell
10/24/2023,18:34:10,META,250,313.01,Sell
10/24/2023,18:36:11,META,250,312.90,Buy
10/24/2023,18:36:11,META,250,312.90,Buy
10/24/2023,18:36:11,META,250,312.90,Buy
10/24/2023,18:51:11,META,250,312.65,Sell
10/24/2023,18:51:11,META,250,312.65,Sell
10/24/2023,18:51:11,META,250,312.65,Sell
10/24/2023,18:53:11,META,250,312.36,Buy
10/24/2023,18:53:11,META,250,312.36,Buy
10/24/2023,18:53:11,META,250,312.36,Buy
10/24/2023,19:08:09,META,250,312.49,Sell
10/24/2023,19:08:09,META,250,312.49,Sell
10/24/2023,19:08:09,META,250,312.49,Sell
10/24/2023,19:10:11,META,250,312.46,Buy
10/24/2023,19:10:11,META,250,312.46,Buy
10/24/2023,19:10:11,META,250,312.46,Buy
10/24/2023,19:25:11,META,250,312.44,Sell
10/24/2023,19:25:11,META,250,312.44,Sell
10/24/2023,19:25:11,META,250,312.44,Sell
10/24/2023,19:26:11,META,250,312.42,Buy
10/24/2023,19:26:11,META,250,312.42,Buy
10/24/2023,19:26:11,META,250,312.42,Buy
10/24/2023,19:41:11,META,250,312.71,Sell
10/24/2023,19:41:11,META,250,312.71,Sell
10/24/2023,19:41:11,META,250,312.71,Sell
10/25/2023,13:32:11,GOOG,250,128.56,Buy
10/25/2023,13:32:11,GOOG,250,128.56,Buy
10/25/2023,13:32:11,GOOG,250,128.56,Buy
10/25/2023,13:34:11,MSFT,250,343.28,Buy
10/25/2023,13:34:11,MSFT,250,343.28,Buy
10/25/2023,13:34:11,MSFT,250,343.28,Buy
10/25/2023,13:47:11,GOOG,250,127.50,Sell
10/25/2023,13:47:11,GOOG,250,127.50,Sell
10/25/2023,13:47:11,GOOG,250,127.50,Sell
10/25/2023,13:49:11,MSFT,250,342.94,Sell
10/25/2023,13:49:11,MSFT,250,342.94,Sell
10/25/2023,13:49:11,MSFT,250,342.94,Sell
10/25/2023,13:49:11,GOOG,250,127.40,Buy
10/25/2023,13:49:11,GOOG,250,127.40,Buy
10/25/2023,13:49:11,GOOG,250,127.40,Buy
10/25/2023,13:53:11,MSFT,250,342.15,Buy
10/25/2023,13:53:11,MSFT,250,342.15,Buy
10/25/2023,13:53:11,MSFT,250,342.15,Buy
10/25/2023,14:04:11,GOOG,250,128.10,Sell
10/25/2023,14:04:11,GOOG,250,128.10,Sell
10/25/2023,14:04:11,GOOG,250,128.10,Sell
10/25/2023,14:07:11,GOOG,250,128.03,Buy
10/25/2023,14:07:11,GOOG,250,128.03,Buy
10/25/2023,14:07:11,GOOG,250,128.03,Buy
10/25/2023,14:08:11,MSFT,250,342.70,Sell
10/25/2023,14:08:11,MSFT,250,342.70,Sell
10/25/2023,14:08:11,MSFT,250,342.70,Sell
10/25/2023,14:22:11,GOOG,250,128.53,Sell
10/25/2023,14:22:11,GOOG,250,128.53,Sell
10/25/2023,14:22:11,GOOG,250,128.53,Sell
10/25/2023,14:23:11,MSFT,250,341.20,Buy
10/25/2023,14:23:11,MSFT,250,341.20,Buy
10/25/2023,14:23:11,MSFT,250,341.20,Buy
10/25/2023,14:24:11,GOOG,250,128.12,Buy
10/25/2023,14:24:11,GOOG,250,128.12,Buy
10/25/2023,14:24:11,GOOG,250,128.12,Buy
10/25/2023,14:38:11,MSFT,250,341.31,Sell
10/25/2023,14:38:11,MSFT,250,341.31,Sell
10/25/2023,14:38:11,MSFT,250,341.31,Sell
10/25/2023,14:39:11,MSFT,250,341.48,Buy
10/25/2023,14:39:11,MSFT,250,341.48,Buy
10/25/2023,14:39:11,MSFT,250,341.48,Buy
10/25/2023,14:39:11,GOOG,250,127.75,Sell
10/25/2023,14:39:11,GOOG,250,127.75,Sell
10/25/2023,14:39:11,GOOG,250,127.75,Sell
10/25/2023,14:42:11,GOOG,250,127.72,Buy
10/25/2023,14:42:11,GOOG,250,127.72,Buy
10/25/2023,14:42:11,GOOG,250,127.72,Buy
10/25/2023,14:54:11,MSFT,250,339.30,Sell
10/25/2023,14:54:11,MSFT,250,339.30,Sell
10/25/2023,14:54:11,MSFT,250,339.30,Sell
10/25/2023,14:57:11,MSFT,250,338.95,Buy
10/25/2023,14:57:11,MSFT,250,338.95,Buy
10/25/2023,14:57:11,MSFT,250,338.95,Buy
10/25/2023,14:57:11,GOOG,250,128.15,Sell
10/25/2023,14:57:11,GOOG,250,128.15,Sell
10/25/2023,14:57:11,GOOG,250,128.15,Sell
10/25/2023,15:01:11,GOOG,250,127.80,Buy
10/25/2023,15:01:11,GOOG,250,127.80,Buy
10/25/2023,15:01:11,GOOG,250,127.80,Buy
10/25/2023,15:12:11,MSFT,250,340.03,Sell
10/25/2023,15:12:11,MSFT,250,340.03,Sell
10/25/2023,15:12:11,MSFT,250,340.03,Sell
10/25/2023,15:14:11,MSFT,250,340.16,Buy
10/25/2023,15:14:11,MSFT,250,340.16,Buy
10/25/2023,15:14:11,MSFT,250,340.16,Buy
10/25/2023,15:16:11,GOOG,250,127.70,Sell
10/25/2023,15:16:11,GOOG,250,127.70,Sell
10/25/2023,15:16:11,GOOG,250,127.70,Sell
10/25/2023,15:21:11,GOOG,250,127.40,Buy
10/25/2023,15:21:11,GOOG,250,127.40,Buy
10/25/2023,15:21:11,GOOG,250,127.40,Buy
10/25/2023,15:29:11,MSFT,250,338.92,Sell
10/25/2023,15:29:11,MSFT,250,338.92,Sell
10/25/2023,15:29:11,MSFT,250,338.92,Sell
10/25/2023,15:33:11,MSFT,250,338.90,Buy
10/25/2023,15:33:11,MSFT,250,338.90,Buy
10/25/2023,15:33:11,MSFT,250,338.90,Buy
10/25/2023,15:36:11,GOOG,250,127.37,Sell
10/25/2023,15:36:11,GOOG,250,127.37,Sell
10/25/2023,15:36:11,GOOG,250,127.37,Sell
10/25/2023,15:37:11,GOOG,250,127.34,Buy
10/25/2023,15:37:11,GOOG,250,127.34,Buy
10/25/2023,15:37:11,GOOG,250,127.34,Buy
10/25/2023,15:48:11,MSFT,250,339.00,Sell
10/25/2023,15:48:11,MSFT,250,339.00,Sell
10/25/2023,15:48:11,MSFT,250,339.00,Sell
10/25/2023,15:50:11,MSFT,250,338.42,Buy
10/25/2023,15:50:11,MSFT,250,338.42,Buy
10/25/2023,15:50:11,MSFT,250,338.42,Buy
10/25/2023,15:52:11,GOOG,250,126.79,Sell
10/25/2023,15:52:11,GOOG,250,126.79,Sell
10/25/2023,15:52:11,GOOG,250,126.79,Sell
10/25/2023,15:53:11,GOOG,250,126.96,Buy
10/25/2023,15:53:11,GOOG,250,126.96,Buy
10/25/2023,15:53:11,GOOG,250,126.96,Buy
10/25/2023,16:05:11,MSFT,250,339.20,Sell
10/25/2023,16:05:11,MSFT,250,339.20,Sell
10/25/2023,16:05:11,MSFT,250,339.20,Sell
10/25/2023,16:06:11,MSFT,250,338.89,Buy
10/25/2023,16:06:11,MSFT,250,338.89,Buy
10/25/2023,16:06:11,MSFT,250,338.89,Buy
10/25/2023,16:08:11,GOOG,250,126.88,Sell
10/25/2023,16:08:11,GOOG,250,126.88,Sell
10/25/2023,16:08:11,GOOG,250,126.88,Sell
10/25/2023,16:09:11,GOOG,250,126.93,Buy
10/25/2023,16:09:11,GOOG,250,126.93,Buy
10/25/2023,16:09:11,GOOG,250,126.93,Buy
10/25/2023,16:21:11,MSFT,250,338.91,Sell
10/25/2023,16:21:11,MSFT,250,338.91,Sell
10/25/2023,16:21:11,MSFT,250,338.91,Sell
10/25/2023,16:22:11,MSFT,250,339.05,Buy
10/25/2023,16:22:11,MSFT,250,339.05,Buy
10/25/2023,16:22:11,MSFT,250,339.05,Buy
10/25/2023,16:24:11,GOOG,250,127.77,Sell
10/25/2023,16:24:11,GOOG,250,127.77,Sell
10/25/2023,16:24:11,GOOG,250,127.77,Sell
10/25/2023,16:30:11,GOOG,250,127.83,Buy
10/25/2023,16:30:11,GOOG,250,127.83,Buy
10/25/2023,16:30:11,GOOG,250,127.83,Buy
10/25/2023,16:37:11,MSFT,250,339.67,Sell
10/25/2023,16:37:11,MSFT,250,339.67,Sell
10/25/2023,16:37:11,MSFT,250,339.67,Sell
10/25/2023,16:38:11,MSFT,250,339.63,Buy
10/25/2023,16:38:11,MSFT,250,339.63,Buy
10/25/2023,16:38:11,MSFT,250,339.63,Buy
10/25/2023,16:45:11,GOOG,250,127.39,Sell
10/25/2023,16:45:11,GOOG,250,127.39,Sell
10/25/2023,16:45:11,GOOG,250,127.39,Sell
10/25/2023,16:47:11,GOOG,250,127.48,Buy
10/25/2023,16:47:11,GOOG,250,127.48,Buy
10/25/2023,16:47:11,GOOG,250,127.48,Buy
10/25/2023,16:53:11,MSFT,250,339.81,Sell
10/25/2023,16:53:11,MSFT,250,339.81,Sell
10/25/2023,16:53:11,MSFT,250,339.81,Sell
10/25/2023,16:55:11,MSFT,250,339.74,Buy
10/25/2023,16:55:11,MSFT,250,339.74,Buy
10/25/2023,16:55:11,MSFT,250,339.74,Buy
10/25/2023,17:02:11,GOOG,250,127.47,Sell
10/25/2023,17:02:11,GOOG,250,127.47,Sell
10/25/2023,17:02:11,GOOG,250,127.47,Sell
10/25/2023,17:04:11,GOOG,250,127.37,Buy
10/25/2023,17:04:11,GOOG,250,127.37,Buy
10/25/2023,17:04:11,GOOG,250,127.37,Buy
10/25/2023,17:10:11,MSFT,250,338.64,Sell
10/25/2023,17:10:11,MSFT,250,338.64,Sell
10/25/2023,17:10:11,MSFT,250,338.64,Sell
10/25/2023,17:12:11,MSFT,250,338.75,Buy
10/25/2023,17:12:11,MSFT,250,338.75,Buy
10/25/2023,17:12:11,MSFT,250,338.75,Buy
10/25/2023,17:19:11,GOOG,250,127.87,Sell
10/25/2023,17:19:11,GOOG,250,127.87,Sell
10/25/2023,17:19:11,GOOG,250,127.87,Sell
10/25/2023,17:20:11,GOOG,250,127.81,Buy
10/25/2023,17:20:11,GOOG,250,127.81,Buy
10/25/2023,17:20:11,GOOG,250,127.81,Buy
10/25/2023,17:27:11,MSFT,250,338.79,Sell
10/25/2023,17:27:11,MSFT,250,338.79,Sell
10/25/2023,17:27:11,MSFT,250,338.79,Sell
10/25/2023,17:28:11,MSFT,250,338.67,Buy
10/25/2023,17:28:11,MSFT,250,338.67,Buy
10/25/2023,17:28:11,MSFT,250,338.67,Buy
10/25/2023,17:35:11,GOOG,250,127.20,Sell
10/25/2023,17:35:11,GOOG,250,127.20,Sell
10/25/2023,17:35:11,GOOG,250,127.20,Sell
10/25/2023,17:36:11,GOOG,250,127.17,Buy
10/25/2023,17:36:11,GOOG,250,127.17,Buy
10/25/2023,17:36:11,GOOG,250,127.17,Buy
10/25/2023,17:43:11,MSFT,250,338.94,Sell
10/25/2023,17:43:11,MSFT,250,338.94,Sell
10/25/2023,17:43:11,MSFT,250,338.94,Sell
10/25/2023,17:43:11,AMZN,250,121.12,Buy
10/25/2023,17:43:11,AMZN,250,121.12,Buy
10/25/2023,17:43:11,AMZN,250,121.12,Buy
10/25/2023,17:44:11,MSFT,250,338.76,Buy
10/25/2023,17:44:11,MSFT,250,338.76,Buy
10/25/2023,17:44:11,MSFT,250,338.76,Buy
10/25/2023,17:51:11,GOOG,250,126.51,Sell
10/25/2023,17:51:11,GOOG,250,126.51,Sell
10/25/2023,17:51:11,GOOG,250,126.51,Sell
10/25/2023,17:52:11,GOOG,250,126.47,Buy
10/25/2023,17:52:11,GOOG,250,126.47,Buy
10/25/2023,17:52:11,GOOG,250,126.47,Buy
10/25/2023,17:58:11,AMZN,250,121.32,Sell
10/25/2023,17:58:11,AMZN,250,121.32,Sell
10/25/2023,17:58:11,AMZN,250,121.32,Sell
10/25/2023,17:59:11,MSFT,250,339.35,Sell
10/25/2023,17:59:11,MSFT,250,339.35,Sell
10/25/2023,17:59:11,MSFT,250,339.35,Sell
10/25/2023,18:03:11,MSFT,250,339.60,Buy
10/25/2023,18:03:11,MSFT,250,339.60,Buy
10/25/2023,18:03:11,MSFT,250,339.60,Buy
10/25/2023,18:05:11,AMZN,250,121.09,Buy
10/25/2023,18:05:11,AMZN,250,121.09,Buy
10/25/2023,18:05:11,AMZN,250,121.09,Buy
10/25/2023,18:07:11,GOOG,250,126.53,Sell
10/25/2023,18:07:11,GOOG,250,126.53,Sell
10/25/2023,18:07:11,GOOG,250,126.53,Sell
10/25/2023,18:08:11,GOOG,250,126.51,Buy
10/25/2023,18:08:11,GOOG,250,126.51,Buy
10/25/2023,18:08:11,GOOG,250,126.51,Buy
10/25/2023,18:18:11,MSFT,250,340.38,Sell
10/25/2023,18:18:11,MSFT,250,340.38,Sell
10/25/2023,18:18:11,MSFT,250,340.38,Sell
10/25/2023,18:20:11,MSFT,250,340.38,Buy
10/25/2023,18:20:11,MSFT,250,340.38,Buy
10/25/2023,18:20:11,MSFT,250,340.38,Buy
10/25/2023,18:20:11,AMZN,250,121.38,Sell
10/25/2023,18:20:11,AMZN,250,121.38,Sell
10/25/2023,18:20:11,AMZN,250,121.38,Sell
10/25/2023,18:23:11,GOOG,250,126.50,Sell
10/25/2023,18:23:11,GOOG,250,126.50,Sell
10/25/2023,18:23:11,GOOG,250,126.50,Sell
10/25/2023,18:24:11,META,250,300.41,Buy
10/25/2023,18:24:11,META,250,300.41,Buy
10/25/2023,18:24:11,META,250,300.41,Buy
10/25/2023,18:24:11,AMZN,250,121.42,Buy
10/25/2023,18:24:11,AMZN,250,121.42,Buy
10/25/2023,18:24:11,AMZN,250,121.42,Buy
10/25/2023,18:31:11,GOOG,250,126.21,Buy
10/25/2023,18:31:11,GOOG,250,126.21,Buy
10/25/2023,18:31:11,GOOG,250,126.21,Buy
10/25/2023,18:35:11,MSFT,250,340.12,Sell
10/25/2023,18:35:11,MSFT,250,340.12,Sell
10/25/2023,18:35:11,MSFT,250,340.12,Sell
10/25/2023,18:37:11,MSFT,250,339.80,Buy
10/25/2023,18:37:11,MSFT,250,339.80,Buy
10/25/2023,18:37:11,MSFT,250,339.80,Buy
10/25/2023,18:39:11,META,250,300.19,Sell
10/25/2023,18:39:11,META,250,300.19,Sell
10/25/2023,18:39:11,META,250,300.19,Sell
10/25/2023,18:39:11,AMZN,250,121.36,Sell
10/25/2023,18:39:11,AMZN,250,121.36,Sell
10/25/2023,18:39:11,AMZN,250,121.36,Sell
10/25/2023,18:46:11,GOOG,250,126.48,Sell
10/25/2023,18:46:11,GOOG,250,126.48,Sell
10/25/2023,18:46:11,GOOG,250,126.48,Sell
10/25/2023,18:47:11,GOOG,250,126.46,Buy
10/25/2023,18:47:11,GOOG,250,126.46,Buy
10/25/2023,18:47:11,GOOG,250,126.46,Buy
10/25/2023,18:49:11,AMZN,250,121.11,Buy
10/25/2023,18:49:11,AMZN,250,121.11,Buy
10/25/2023,18:49:11,AMZN,250,121.11,Buy
10/25/2023,18:52:11,META,250,300.02,Buy
10/25/2023,18:52:11,META,250,300.02,Buy
10/25/2023,18:52:11,META,250,300.02,Buy
10/25/2023,18:52:11,MSFT,250,339.58,Sell
10/25/2023,18:52:11,MSFT,250,339.58,Sell
10/25/2023,18:52:11,MSFT,250,339.58,Sell
10/25/2023,18:53:11,MSFT,250,339.66,Buy
10/25/2023,18:53:11,MSFT,250,339.66,Buy
10/25/2023,18:53:11,MSFT,250,339.66,Buy
10/25/2023,19:02:11,GOOG,250,126.57,Sell
10/25/2023,19:02:11,GOOG,250,126.57,Sell
10/25/2023,19:02:11,GOOG,250,126.57,Sell
10/25/2023,19:03:11,GOOG,250,126.50,Buy
10/25/2023,19:03:11,GOOG,250,126.50,Buy
10/25/2023,19:03:11,GOOG,250,126.50,Buy
10/25/2023,19:04:11,AMZN,250,121.25,Sell
10/25/2023,19:04:11,AMZN,250,121.25,Sell
10/25/2023,19:04:11,AMZN,250,121.25,Sell
10/25/2023,19:05:11,AMZN,250,121.18,Buy
10/25/2023,19:05:11,AMZN,250,121.18,Buy
10/25/2023,19:05:11,AMZN,250,121.18,Buy
10/25/2023,19:07:11,META,250,300.18,Sell
10/25/2023,19:07:11,META,250,300.18,Sell
10/25/2023,19:07:11,META,250,300.18,Sell
10/25/2023,19:08:11,MSFT,250,339.74,Sell
10/25/2023,19:08:11,MSFT,250,339.74,Sell
10/25/2023,19:08:11,MSFT,250,339.74,Sell
10/25/2023,19:10:11,MSFT,250,339.94,Buy
10/25/2023,19:10:11,MSFT,250,339.94,Buy
10/25/2023,19:10:11,MSFT,250,339.94,Buy
10/25/2023,19:14:11,META,250,300.09,Buy
10/25/2023,19:14:11,META,250,300.09,Buy
10/25/2023,19:14:11,META,250,300.09,Buy
10/25/2023,19:18:11,GOOG,250,126.53,Sell
10/25/2023,19:18:11,GOOG,250,126.53,Sell
10/25/2023,19:18:11,GOOG,250,126.53,Sell
10/25/2023,19:20:11,GOOG,250,126.50,Buy
10/25/2023,19:20:11,GOOG,250,126.50,Buy
10/25/2023,19:20:11,GOOG,250,126.50,Buy
10/25/2023,19:20:11,AMZN,250,121.18,Sell
10/25/2023,19:20:11,AMZN,250,121.18,Sell
10/25/2023,19:20:11,AMZN,250,121.18,Sell
10/25/2023,19:23:11,AMZN,250,121.18,Buy
10/25/2023,19:23:11,AMZN,250,121.18,Buy
10/25/2023,19:23:11,AMZN,250,121.18,Buy
10/25/2023,19:25:11,MSFT,250,340.37,Sell
10/25/2023,19:25:11,MSFT,250,340.37,Sell
10/25/2023,19:25:11,MSFT,250,340.37,Sell
10/25/2023,19:26:11,MSFT,250,340.41,Buy
10/25/2023,19:26:11,MSFT,250,340.41,Buy
10/25/2023,19:26:11,MSFT,250,340.41,Buy
10/25/2023,19:29:11,META,250,300.08,Sell
10/25/2023,19:29:11,META,250,300.08,Sell
10/25/2023,19:29:11,META,250,300.08,Sell
10/25/2023,19:35:11,GOOG,250,127.23,Sell
10/25/2023,19:35:11,GOOG,250,127.23,Sell
10/25/2023,19:35:11,GOOG,250,127.23,Sell
10/25/2023,19:38:11,AMZN,250,121.51,Sell
10/25/2023,19:38:11,AMZN,250,121.51,Sell
10/25/2023,19:38:11,AMZN,250,121.51,Sell
10/25/2023,19:39:11,GOOG,250,127.13,Buy
10/25/2023,19:39:11,GOOG,250,127.13,Buy
10/25/2023,19:39:11,GOOG,250,127.13,Buy
10/25/2023,19:41:11,MSFT,250,340.85,Sell
10/25/2023,19:41:11,MSFT,250,340.85,Sell
10/25/2023,19:41:11,MSFT,250,340.85,Sell
10/25/2023,19:46:11,AMZN,250,121.30,Buy
10/25/2023,19:46:11,AMZN,250,121.30,Buy
10/25/2023,19:46:11,AMZN,250,121.30,Buy
10/25/2023,19:47:11,MSFT,250,340.05,Buy
10/25/2023,19:47:11,MSFT,250,340.05,Buy
10/25/2023,19:47:11,MSFT,250,340.05,Buy
10/25/2023,19:54:11,GOOG,250,126.88,Sell
10/25/2023,19:54:11,GOOG,250,126.88,Sell
10/25/2023,19:54:11,GOOG,250,126.88,Sell
10/25/2023,19:56:11,GOOG,250,126.84,Buy
10/25/2023,19:56:11,GOOG,250,126.84,Buy
10/25/2023,19:56:11,GOOG,250,126.84,Buy
10/25/2023,20:01:10,AMZN,250,121.68,Sell
10/25/2023,20:01:10,AMZN,250,121.68,Sell
10/25/2023,20:01:10,AMZN,250,121.68,Sell
10/25/2023,20:02:08,MSFT,250,340.99,Sell
10/25/2023,20:02:08,MSFT,250,340.99,Sell
10/25/2023,20:02:08,MSFT,250,340.99,Sell
10/25/2023,20:11:11,GOOG,250,126.55,Sell
10/25/2023,20:11:11,GOOG,250,126.55,Sell
10/25/2023,20:11:11,GOOG,250,126.55,Sell
10/26/2023,13:31:11,GOOG,250,124.12,Buy
10/26/2023,13:31:11,GOOG,250,124.12,Buy
10/26/2023,13:31:11,GOOG,250,124.12,Buy
10/26/2023,13:44:11,META,250,284.72,Buy
10/26/2023,13:44:11,META,250,284.72,Buy
10/26/2023,13:44:11,META,250,284.72,Buy
10/26/2023,13:46:11,GOOG,250,124.26,Sell
10/26/2023,13:46:11,GOOG,250,124.26,Sell
10/26/2023,13:46:11,GOOG,250,124.26,Sell
10/26/2023,13:56:11,GOOG,250,122.98,Buy
10/26/2023,13:56:11,GOOG,250,122.98,Buy
10/26/2023,13:56:11,GOOG,250,122.98,Buy
10/26/2023,13:59:11,META,250,283.00,Sell
10/26/2023,13:59:11,META,250,283.00,Sell
10/26/2023,13:59:11,META,250,283.00,Sell
10/26/2023,14:00:11,META,250,282.10,Buy
10/26/2023,14:00:11,META,250,282.10,Buy
10/26/2023,14:00:11,META,250,282.10,Buy
10/26/2023,14:11:11,GOOG,250,122.82,Sell
10/26/2023,14:11:11,GOOG,250,122.82,Sell
10/26/2023,14:11:11,GOOG,250,122.82,Sell
10/26/2023,14:15:11,META,250,281.65,Sell
10/26/2023,14:15:11,META,250,281.65,Sell
10/26/2023,14:15:11,META,250,281.65,Sell
10/26/2023,14:23:11,META,250,283.69,Buy
10/26/2023,14:23:11,META,250,283.69,Buy
10/26/2023,14:23:11,META,250,283.69,Buy
10/26/2023,14:38:11,META,250,286.94,Sell
10/26/2023,14:38:11,META,250,286.94,Sell
10/26/2023,14:38:11,META,250,286.94,Sell
10/26/2023,16:42:11,MSFT,250,327.11,Buy
10/26/2023,16:42:11,MSFT,250,327.11,Buy
10/26/2023,16:42:11,MSFT,250,327.11,Buy
10/26/2023,16:57:11,MSFT,250,328.22,Sell
10/26/2023,16:57:11,MSFT,250,328.22,Sell
10/26/2023,16:57:11,MSFT,250,328.22,Sell
10/26/2023,17:05:11,MSFT,250,328.48,Buy
10/26/2023,17:05:11,MSFT,250,328.48,Buy
10/26/2023,17:05:11,MSFT,250,328.48,Buy
10/26/2023,17:20:11,MSFT,250,328.85,Sell
10/26/2023,17:20:11,MSFT,250,328.85,Sell
10/26/2023,17:20:11,MSFT,250,328.85,Sell
10/26/2023,17:26:11,MSFT,250,327.83,Buy
10/26/2023,17:26:11,MSFT,250,327.83,Buy
10/26/2023,17:26:11,MSFT,250,327.83,Buy
10/26/2023,17:41:11,MSFT,250,327.82,Sell
10/26/2023,17:41:11,MSFT,250,327.82,Sell
10/26/2023,17:41:11,MSFT,250,327.82,Sell
10/26/2023,17:42:11,MSFT,250,328.11,Buy
10/26/2023,17:42:11,MSFT,250,328.11,Buy
10/26/2023,17:42:11,MSFT,250,328.11,Buy
10/26/2023,17:57:11,MSFT,250,328.51,Sell
10/26/2023,17:57:11,MSFT,250,328.51,Sell
10/26/2023,17:57:11,MSFT,250,328.51,Sell
10/26/2023,18:02:11,MSFT,250,329.00,Buy
10/26/2023,18:02:11,MSFT,250,329.00,Buy
10/26/2023,18:02:11,MSFT,250,329.00,Buy
10/26/2023,18:17:11,MSFT,250,329.32,Sell
10/26/2023,18:17:11,MSFT,250,329.32,Sell
10/26/2023,18:17:11,MSFT,250,329.32,Sell
10/26/2023,18:23:11,MSFT,250,328.93,Buy
10/26/2023,18:23:11,MSFT,250,328.93,Buy
10/26/2023,18:23:11,MSFT,250,328.93,Buy
10/26/2023,18:38:11,MSFT,250,329.93,Sell
10/26/2023,18:38:11,MSFT,250,329.93,Sell
10/26/2023,18:38:11,MSFT,250,329.93,Sell
10/26/2023,19:15:11,MSFT,250,329.41,Buy
10/26/2023,19:15:11,MSFT,250,329.41,Buy
10/26/2023,19:15:11,MSFT,250,329.41,Buy
10/26/2023,19:30:11,MSFT,250,329.44,Sell
10/26/2023,19:30:11,MSFT,250,329.44,Sell
10/26/2023,19:30:11,MSFT,250,329.44,Sell
10/26/2023,19:37:11,MSFT,250,328.62,Buy
10/26/2023,19:37:11,MSFT,250,328.62,Buy
10/26/2023,19:37:11,MSFT,250,328.62,Buy
10/26/2023,19:52:11,MSFT,250,328.48,Sell
10/26/2023,19:52:11,MSFT,250,328.48,Sell
10/26/2023,19:52:11,MSFT,250,328.48,Sell
10/26/2023,19:55:11,MSFT,250,328.44,Buy
10/26/2023,19:55:11,MSFT,250,328.44,Buy
10/26/2023,19:55:11,MSFT,250,328.44,Buy
10/26/2023,20:10:03,MSFT,250,327.97,Sell
10/26/2023,20:10:03,MSFT,250,327.97,Sell
10/26/2023,20:10:03,MSFT,250,327.97,Sell
10/27/2023,13:30:11,MSFT,250,330.78,Buy
10/27/2023,13:30:11,MSFT,250,330.78,Buy
10/27/2023,13:30:11,MSFT,250,330.78,Buy
10/27/2023,13:30:11,META,250,294.92,Buy
10/27/2023,13:30:11,META,250,294.92,Buy
10/27/2023,13:30:11,META,250,294.92,Buy
10/27/2023,13:45:11,META,250,299.00,Sell
10/27/2023,13:45:11,META,250,299.00,Sell
10/27/2023,13:45:11,META,250,299.00,Sell
10/27/2023,13:45:11,MSFT,250,332.26,Sell
10/27/2023,13:45:11,MSFT,250,332.26,Sell
10/27/2023,13:45:11,MSFT,250,332.26,Sell
10/27/2023,13:46:11,MSFT,250,332.23,Buy
10/27/2023,13:46:11,MSFT,250,332.23,Buy
10/27/2023,13:46:11,MSFT,250,332.23,Buy
10/27/2023,14:01:11,MSFT,250,333.14,Sell
10/27/2023,14:01:11,MSFT,250,333.14,Sell
10/27/2023,14:01:11,MSFT,250,333.14,Sell
10/27/2023,14:02:11,MSFT,250,332.63,Buy
10/27/2023,14:02:11,MSFT,250,332.63,Buy
10/27/2023,14:02:11,MSFT,250,332.63,Buy
10/27/2023,14:13:11,META,250,296.08,Buy
10/27/2023,14:13:11,META,250,296.08,Buy
10/27/2023,14:13:11,META,250,296.08,Buy
10/27/2023,14:17:11,MSFT,250,334.53,Sell
10/27/2023,14:17:11,MSFT,250,334.53,Sell
10/27/2023,14:17:11,MSFT,250,334.53,Sell
10/27/2023,14:28:11,META,250,296.46,Sell
10/27/2023,14:28:11,META,250,296.46,Sell
10/27/2023,14:28:11,META,250,296.46,Sell
10/27/2023,14:44:11,META,250,294.56,Buy
10/27/2023,14:44:11,META,250,294.56,Buy
10/27/2023,14:44:11,META,250,294.56,Buy
10/27/2023,14:44:11,MSFT,250,332.83,Buy
10/27/2023,14:44:11,MSFT,250,332.83,Buy
10/27/2023,14:44:11,MSFT,250,332.83,Buy
10/27/2023,14:59:11,MSFT,250,334.48,Sell
10/27/2023,14:59:11,MSFT,250,334.48,Sell
10/27/2023,14:59:11,MSFT,250,334.48,Sell
10/27/2023,14:59:11,META,250,295.85,Sell
10/27/2023,14:59:11,META,250,295.85,Sell
10/27/2023,14:59:11,META,250,295.85,Sell
10/27/2023,15:02:11,META,250,295.90,Buy
10/27/2023,15:02:11,META,250,295.90,Buy
10/27/2023,15:02:11,META,250,295.90,Buy
10/27/2023,15:03:11,MSFT,250,334.39,Buy
10/27/2023,15:03:11,MSFT,250,334.39,Buy
10/27/2023,15:03:11,MSFT,250,334.39,Buy
10/27/2023,15:17:11,META,250,298.02,Sell
10/27/2023,15:17:11,META,250,298.02,Sell
10/27/2023,15:17:11,META,250,298.02,Sell
10/27/2023,15:18:11,MSFT,250,336.49,Sell
10/27/2023,15:18:11,MSFT,250,336.49,Sell
10/27/2023,15:18:11,MSFT,250,336.49,Sell
10/27/2023,15:44:10,META,250,296.44,Buy
10/27/2023,15:44:10,META,250,296.44,Buy
10/27/2023,15:44:10,META,250,296.44,Buy
10/27/2023,15:59:11,META,250,296.99,Sell
10/27/2023,15:59:11,META,250,296.99,Sell
10/27/2023,15:59:11,META,250,296.99,Sell
10/27/2023,16:33:11,META,250,296.82,Buy
10/27/2023,16:33:11,META,250,296.82,Buy
10/27/2023,16:33:11,META,250,296.82,Buy
10/27/2023,16:48:11,META,250,297.35,Sell
10/27/2023,16:48:11,META,250,297.35,Sell
10/27/2023,16:48:11,META,250,297.35,Sell
10/27/2023,17:08:11,MSFT,250,331.56,Buy
10/27/2023,17:08:11,MSFT,250,331.56,Buy
10/27/2023,17:08:11,MSFT,250,331.56,Buy
10/27/2023,17:14:11,META,250,295.46,Buy
10/27/2023,17:14:11,META,250,295.46,Buy
10/27/2023,17:14:11,META,250,295.46,Buy
10/27/2023,17:23:11,MSFT,250,331.33,Sell
10/27/2023,17:23:11,MSFT,250,331.33,Sell
10/27/2023,17:23:11,MSFT,250,331.33,Sell
10/27/2023,17:24:11,MSFT,250,331.34,Buy
10/27/2023,17:24:11,MSFT,250,331.34,Buy
10/27/2023,17:24:11,MSFT,250,331.34,Buy
10/27/2023,17:29:11,META,250,295.05,Sell
10/27/2023,17:29:11,META,250,295.05,Sell
10/27/2023,17:29:11,META,250,295.05,Sell
10/27/2023,17:30:11,META,250,294.93,Buy
10/27/2023,17:30:11,META,250,294.93,Buy
10/27/2023,17:30:11,META,250,294.93,Buy
10/27/2023,17:39:11,MSFT,250,331.08,Sell
10/27/2023,17:39:11,MSFT,250,331.08,Sell
10/27/2023,17:39:11,MSFT,250,331.08,Sell
10/27/2023,17:40:11,MSFT,250,331.03,Buy
10/27/2023,17:40:11,MSFT,250,331.03,Buy
10/27/2023,17:40:11,MSFT,250,331.03,Buy
10/27/2023,17:45:11,META,250,295.27,Sell
10/27/2023,17:45:11,META,250,295.27,Sell
10/27/2023,17:45:11,META,250,295.27,Sell
10/27/2023,17:55:11,MSFT,250,330.65,Sell
10/27/2023,17:55:11,MSFT,250,330.65,Sell
10/27/2023,17:55:11,MSFT,250,330.65,Sell
10/27/2023,17:56:11,MSFT,250,330.53,Buy
10/27/2023,17:56:11,MSFT,250,330.53,Buy
10/27/2023,17:56:11,MSFT,250,330.53,Buy
10/27/2023,17:57:11,META,250,294.07,Buy
10/27/2023,17:57:11,META,250,294.07,Buy
10/27/2023,17:57:11,META,250,294.07,Buy
10/27/2023,18:11:11,MSFT,250,329.88,Sell
10/27/2023,18:11:11,MSFT,250,329.88,Sell
10/27/2023,18:11:11,MSFT,250,329.88,Sell
10/27/2023,18:12:11,META,250,294.49,Sell
10/27/2023,18:12:11,META,250,294.49,Sell
10/27/2023,18:12:11,META,250,294.49,Sell
10/27/2023,18:13:11,META,250,294.26,Buy
10/27/2023,18:13:11,META,250,294.26,Buy
10/27/2023,18:13:11,META,250,294.26,Buy
10/27/2023,18:18:11,MSFT,250,330.09,Buy
10/27/2023,18:18:11,MSFT,250,330.09,Buy
10/27/2023,18:18:11,MSFT,250,330.09,Buy
10/27/2023,18:28:11,META,250,294.32,Sell
10/27/2023,18:28:11,META,250,294.32,Sell
10/27/2023,18:28:11,META,250,294.32,Sell
10/27/2023,18:33:11,MSFT,250,329.94,Sell
10/27/2023,18:33:11,MSFT,250,329.94,Sell
10/27/2023,18:33:11,MSFT,250,329.94,Sell
10/27/2023,18:38:11,MSFT,250,330.03,Buy
10/27/2023,18:38:11,MSFT,250,330.03,Buy
10/27/2023,18:38:11,MSFT,250,330.03,Buy
10/27/2023,18:53:11,MSFT,250,329.11,Sell
10/27/2023,18:53:11,MSFT,250,329.11,Sell
10/27/2023,18:53:11,MSFT,250,329.11,Sell
10/27/2023,18:54:11,MSFT,250,329.29,Buy
10/27/2023,18:54:11,MSFT,250,329.29,Buy
10/27/2023,18:54:11,MSFT,250,329.29,Buy
10/27/2023,18:58:11,META,250,295.01,Buy
10/27/2023,18:58:11,META,250,295.01,Buy
10/27/2023,18:58:11,META,250,295.01,Buy
10/27/2023,19:09:11,MSFT,250,329.24,Sell
10/27/2023,19:09:11,MSFT,250,329.24,Sell
10/27/2023,19:09:11,MSFT,250,329.24,Sell
10/27/2023,19:10:11,MSFT,250,329.16,Buy
10/27/2023,19:10:11,MSFT,250,329.16,Buy
10/27/2023,19:10:11,MSFT,250,329.16,Buy
10/27/2023,19:13:11,META,250,296.05,Sell
10/27/2023,19:13:11,META,250,296.05,Sell
10/27/2023,19:13:11,META,250,296.05,Sell
10/27/2023,19:25:11,MSFT,250,329.46,Sell
10/27/2023,19:25:11,MSFT,250,329.46,Sell
10/27/2023,19:25:11,MSFT,250,329.46,Sell
10/27/2023,19:27:11,MSFT,250,329.52,Buy
10/27/2023,19:27:11,MSFT,250,329.52,Buy
10/27/2023,19:27:11,MSFT,250,329.52,Buy
10/27/2023,19:42:11,MSFT,250,329.22,Sell
10/27/2023,19:42:11,MSFT,250,329.22,Sell
10/27/2023,19:42:11,MSFT,250,329.22,Sell
10/27/2023,19:43:11,MSFT,250,328.91,Buy
10/27/2023,19:43:11,MSFT,250,328.91,Buy
10/27/2023,19:43:11,MSFT,250,328.91,Buy
10/27/2023,19:58:11,MSFT,250,329.56,Sell
10/27/2023,19:58:11,MSFT,250,329.56,Sell
10/27/2023,19:58:11,MSFT,250,329.56,Sell
10/27/2023,19:59:11,MSFT,250,329.49,Buy
10/27/2023,19:59:11,MSFT,250,329.49,Buy
10/27/2023,19:59:11,MSFT,250,329.49,Buy
10/27/2023,20:14:06,MSFT,250,329.73,Sell
10/27/2023,20:14:06,MSFT,250,329.73,Sell
10/27/2023,20:14:06,MSFT,250,329.73,Sell
10/30/2023,13:30:11,GOOG,250,124.52,Buy
10/30/2023,13:30:11,GOOG,250,124.52,Buy
10/30/2023,13:30:11,GOOG,250,124.52,Buy
10/30/2023,13:30:11,AMZN,250,129.87,Buy
10/30/2023,13:30:11,AMZN,250,129.87,Buy
10/30/2023,13:30:11,AMZN,250,129.87,Buy
10/30/2023,13:32:11,MSFT,250,332.13,Buy
10/30/2023,13:32:11,MSFT,250,332.13,Buy
10/30/2023,13:32:11,MSFT,250,332.13,Buy
10/30/2023,13:32:11,META,250,299.80,Buy
10/30/2023,13:32:11,META,250,299.80,Buy
10/30/2023,13:32:11,META,250,299.80,Buy
10/30/2023,13:45:11,AMZN,250,130.73,Sell
10/30/2023,13:45:11,AMZN,250,130.73,Sell
10/30/2023,13:45:11,AMZN,250,130.73,Sell
10/30/2023,13:45:11,GOOG,250,125.52,Sell
10/30/2023,13:45:11,GOOG,250,125.52,Sell
10/30/2023,13:45:11,GOOG,250,125.52,Sell
10/30/2023,13:47:11,META,250,305.47,Sell
10/30/2023,13:47:11,META,250,305.47,Sell
10/30/2023,13:47:11,META,250,305.47,Sell
10/30/2023,13:47:11,MSFT,250,336.64,Sell
10/30/2023,13:47:11,MSFT,250,336.64,Sell
10/30/2023,13:47:11,MSFT,250,336.64,Sell
10/30/2023,14:20:11,META,250,305.26,Buy
10/30/2023,14:20:11,META,250,305.26,Buy
10/30/2023,14:20:11,META,250,305.26,Buy
10/30/2023,14:26:11,MSFT,250,335.40,Buy
10/30/2023,14:26:11,MSFT,250,335.40,Buy
10/30/2023,14:26:11,MSFT,250,335.40,Buy
10/30/2023,14:35:11,META,250,303.75,Sell
10/30/2023,14:35:11,META,250,303.75,Sell
10/30/2023,14:35:11,META,250,303.75,Sell
10/30/2023,14:38:11,META,250,303.01,Buy
10/30/2023,14:38:11,META,250,303.01,Buy
10/30/2023,14:38:11,META,250,303.01,Buy
10/30/2023,14:41:11,MSFT,250,335.27,Sell
10/30/2023,14:41:11,MSFT,250,335.27,Sell
10/30/2023,14:41:11,MSFT,250,335.27,Sell
10/30/2023,14:42:11,MSFT,250,335.03,Buy
10/30/2023,14:42:11,MSFT,250,335.03,Buy
10/30/2023,14:42:11,MSFT,250,335.03,Buy
10/30/2023,14:53:11,META,250,303.16,Sell
10/30/2023,14:53:11,META,250,303.16,Sell
10/30/2023,14:53:11,META,250,303.16,Sell
10/30/2023,14:54:11,META,250,303.15,Buy
10/30/2023,14:54:11,META,250,303.15,Buy
10/30/2023,14:54:11,META,250,303.15,Buy
10/30/2023,14:57:11,MSFT,250,335.00,Sell
10/30/2023,14:57:11,MSFT,250,335.00,Sell
10/30/2023,14:57:11,MSFT,250,335.00,Sell
10/30/2023,14:59:11,MSFT,250,334.68,Buy
10/30/2023,14:59:11,MSFT,250,334.68,Buy
10/30/2023,14:59:11,MSFT,250,334.68,Buy
10/30/2023,15:09:11,META,250,303.34,Sell
10/30/2023,15:09:11,META,250,303.34,Sell
10/30/2023,15:09:11,META,250,303.34,Sell
10/30/2023,15:10:11,META,250,303.63,Buy
10/30/2023,15:10:11,META,250,303.63,Buy
10/30/2023,15:10:11,META,250,303.63,Buy
10/30/2023,15:14:11,MSFT,250,335.62,Sell
10/30/2023,15:14:11,MSFT,250,335.62,Sell
10/30/2023,15:14:11,MSFT,250,335.62,Sell
10/30/2023,15:17:11,MSFT,250,335.11,Buy
10/30/2023,15:17:11,MSFT,250,335.11,Buy
10/30/2023,15:17:11,MSFT,250,335.11,Buy
10/30/2023,15:25:11,META,250,303.97,Sell
10/30/2023,15:25:11,META,250,303.97,Sell
10/30/2023,15:25:11,META,250,303.97,Sell
10/30/2023,15:29:11,META,250,303.68,Buy
10/30/2023,15:29:11,META,250,303.68,Buy
10/30/2023,15:29:11,META,250,303.68,Buy
10/30/2023,15:32:11,MSFT,250,335.02,Sell
10/30/2023,15:32:11,MSFT,250,335.02,Sell
10/30/2023,15:32:11,MSFT,250,335.02,Sell
10/30/2023,15:44:11,META,250,302.60,Sell
10/30/2023,15:44:11,META,250,302.60,Sell
10/30/2023,15:44:11,META,250,302.60,Sell
10/30/2023,15:46:11,META,250,302.81,Buy
10/30/2023,15:46:11,META,250,302.81,Buy
10/30/2023,15:46:11,META,250,302.81,Buy
10/30/2023,16:01:11,META,250,304.12,Sell
10/30/2023,16:01:11,META,250,304.12,Sell
10/30/2023,16:01:11,META,250,304.12,Sell
10/30/2023,16:04:11,MSFT,250,335.77,Buy
10/30/2023,16:04:11,MSFT,250,335.77,Buy
10/30/2023,16:04:11,MSFT,250,335.77,Buy
10/30/2023,16:05:11,META,250,304.04,Buy
10/30/2023,16:05:11,META,250,304.04,Buy
10/30/2023,16:05:11,META,250,304.04,Buy
10/30/2023,16:19:11,MSFT,250,335.15,Sell
10/30/2023,16:19:11,MSFT,250,335.15,Sell
10/30/2023,16:19:11,MSFT,250,335.15,Sell
10/30/2023,16:20:11,META,250,303.40,Sell
10/30/2023,16:20:11,META,250,303.40,Sell
10/30/2023,16:20:11,META,250,303.40,Sell
10/30/2023,16:21:11,MSFT,250,335.04,Buy
10/30/2023,16:21:11,MSFT,250,335.04,Buy
10/30/2023,16:21:11,MSFT,250,335.04,Buy
10/30/2023,16:22:11,META,250,303.19,Buy
10/30/2023,16:22:11,META,250,303.19,Buy
10/30/2023,16:22:11,META,250,303.19,Buy
10/30/2023,16:36:11,MSFT,250,335.74,Sell
10/30/2023,16:36:11,MSFT,250,335.74,Sell
10/30/2023,16:36:11,MSFT,250,335.74,Sell
10/30/2023,16:37:11,META,250,303.02,Sell
10/30/2023,16:37:11,META,250,303.02,Sell
10/30/2023,16:37:11,META,250,303.02,Sell
10/30/2023,16:38:11,META,250,302.50,Buy
10/30/2023,16:38:11,META,250,302.50,Buy
10/30/2023,16:38:11,META,250,302.50,Buy
10/30/2023,16:41:11,MSFT,250,335.34,Buy
10/30/2023,16:41:11,MSFT,250,335.34,Buy
10/30/2023,16:41:11,MSFT,250,335.34,Buy
10/30/2023,16:53:11,META,250,301.99,Sell
10/30/2023,16:53:11,META,250,301.99,Sell
10/30/2023,16:53:11,META,250,301.99,Sell
10/30/2023,16:56:11,MSFT,250,334.87,Sell
10/30/2023,16:56:11,MSFT,250,334.87,Sell
10/30/2023,16:56:11,MSFT,250,334.87,Sell
10/30/2023,16:58:11,MSFT,250,334.91,Buy
10/30/2023,16:58:11,MSFT,250,334.91,Buy
10/30/2023,16:58:11,MSFT,250,334.91,Buy
10/30/2023,17:01:11,META,250,301.75,Buy
10/30/2023,17:01:11,META,250,301.75,Buy
10/30/2023,17:01:11,META,250,301.75,Buy
10/30/2023,17:13:11,MSFT,250,335.36,Sell
10/30/2023,17:13:11,MSFT,250,335.36,Sell
10/30/2023,17:13:11,MSFT,250,335.36,Sell
10/30/2023,17:14:11,MSFT,250,335.10,Buy
10/30/2023,17:14:11,MSFT,250,335.10,Buy
10/30/2023,17:14:11,MSFT,250,335.10,Buy
10/30/2023,17:16:11,META,250,302.69,Sell
10/30/2023,17:16:11,META,250,302.69,Sell
10/30/2023,17:16:11,META,250,302.69,Sell
10/30/2023,17:18:11,META,250,302.72,Buy
10/30/2023,17:18:11,META,250,302.72,Buy
10/30/2023,17:18:11,META,250,302.72,Buy
10/30/2023,17:29:11,MSFT,250,336.85,Sell
10/30/2023,17:29:11,MSFT,250,336.85,Sell
10/30/2023,17:29:11,MSFT,250,336.85,Sell
10/30/2023,17:33:11,META,250,303.99,Sell
10/30/2023,17:33:11,META,250,303.99,Sell
10/30/2023,17:33:11,META,250,303.99,Sell
10/30/2023,17:34:11,META,250,303.83,Buy
10/30/2023,17:34:11,META,250,303.83,Buy
10/30/2023,17:34:11,META,250,303.83,Buy
10/30/2023,17:49:11,META,250,303.91,Sell
10/30/2023,17:49:11,META,250,303.91,Sell
10/30/2023,17:49:11,META,250,303.91,Sell
10/30/2023,17:54:11,META,250,304.27,Buy
10/30/2023,17:54:11,META,250,304.27,Buy
10/30/2023,17:54:11,META,250,304.27,Buy
10/30/2023,18:09:11,META,250,304.04,Sell
10/30/2023,18:09:11,META,250,304.04,Sell
10/30/2023,18:09:11,META,250,304.04,Sell
10/30/2023,18:10:11,META,250,304.01,Buy
10/30/2023,18:10:11,META,250,304.01,Buy
10/30/2023,18:10:11,META,250,304.01,Buy
10/30/2023,18:25:11,META,250,303.68,Sell
10/30/2023,18:25:11,META,250,303.68,Sell
10/30/2023,18:25:11,META,250,303.68,Sell
10/30/2023,18:26:11,META,250,303.62,Buy
10/30/2023,18:26:11,META,250,303.62,Buy
10/30/2023,18:26:11,META,250,303.62,Buy
10/30/2023,18:41:11,META,250,303.71,Sell
10/30/2023,18:41:11,META,250,303.71,Sell
10/30/2023,18:41:11,META,250,303.71,Sell
10/30/2023,18:47:11,META,250,303.34,Buy
10/30/2023,18:47:11,META,250,303.34,Buy
10/30/2023,18:47:11,META,250,303.34,Buy
10/30/2023,19:02:11,META,250,303.80,Sell
10/30/2023,19:02:11,META,250,303.80,Sell
10/30/2023,19:02:11,META,250,303.80,Sell
10/30/2023,19:03:11,META,250,303.57,Buy
10/30/2023,19:03:11,META,250,303.57,Buy
10/30/2023,19:03:11,META,250,303.57,Buy
10/30/2023,19:18:11,META,250,303.42,Sell
10/30/2023,19:18:11,META,250,303.42,Sell
10/30/2023,19:18:11,META,250,303.42,Sell
10/30/2023,19:20:11,META,250,303.32,Buy
10/30/2023,19:20:11,META,250,303.32,Buy
10/30/2023,19:20:11,META,250,303.32,Buy
10/30/2023,19:35:11,META,250,304.03,Sell
10/30/2023,19:35:11,META,250,304.03,Sell
10/30/2023,19:35:11,META,250,304.03,Sell
10/30/2023,19:38:11,META,250,303.66,Buy
10/30/2023,19:38:11,META,250,303.66,Buy
10/30/2023,19:38:11,META,250,303.66,Buy
10/30/2023,19:53:11,META,250,302.71,Sell
10/30/2023,19:53:11,META,250,302.71,Sell
10/30/2023,19:53:11,META,250,302.71,Sell
10/30/2023,19:56:11,META,250,302.49,Buy
10/30/2023,19:56:11,META,250,302.49,Buy
10/30/2023,19:56:11,META,250,302.49,Buy
10/30/2023,20:10:59,META,250,302.40,Sell
10/30/2023,20:10:59,META,250,302.40,Sell
10/30/2023,20:10:59,META,250,302.40,Sell
10/31/2023,13:31:11,AMZN,250,132.78,Buy
10/31/2023,13:31:11,AMZN,250,132.78,Buy
10/31/2023,13:31:11,AMZN,250,132.78,Buy
10/31/2023,13:42:11,META,250,297.68,Buy
10/31/2023,13:42:11,META,250,297.68,Buy
10/31/2023,13:42:11,META,250,297.68,Buy
10/31/2023,13:46:11,AMZN,250,132.46,Sell
10/31/2023,13:46:11,AMZN,250,132.46,Sell
10/31/2023,13:46:11,AMZN,250,132.46,Sell
10/31/2023,13:57:11,META,250,299.52,Sell
10/31/2023,13:57:11,META,250,299.52,Sell
10/31/2023,13:57:11,META,250,299.52,Sell
11/01/2023,13:30:11,AMZN,250,134.11,Buy
11/01/2023,13:30:11,AMZN,250,134.11,Buy
11/01/2023,13:30:11,AMZN,250,134.11,Buy
11/01/2023,13:30:11,AAPL,250,171.02,Buy
11/01/2023,13:30:11,AAPL,250,171.02,Buy
11/01/2023,13:30:11,AAPL,250,171.02,Buy
11/01/2023,13:30:11,GOOG,250,125.02,Buy
11/01/2023,13:30:11,GOOG,250,125.02,Buy
11/01/2023,13:30:11,GOOG,250,125.02,Buy
11/01/2023,13:31:11,META,250,302.33,Buy
11/01/2023,13:31:11,META,250,302.33,Buy
11/01/2023,13:31:11,META,250,302.33,Buy
11/01/2023,13:31:11,MSFT,250,340.18,Buy
11/01/2023,13:31:11,MSFT,250,340.18,Buy
11/01/2023,13:31:11,MSFT,250,340.18,Buy
11/01/2023,13:45:11,GOOG,250,126.37,Sell
11/01/2023,13:45:11,GOOG,250,126.37,Sell
11/01/2023,13:45:11,GOOG,250,126.37,Sell
11/01/2023,13:45:11,AAPL,250,171.14,Sell
11/01/2023,13:45:11,AAPL,250,171.14,Sell
11/01/2023,13:45:11,AAPL,250,171.14,Sell
11/01/2023,13:45:11,AMZN,250,134.97,Sell
11/01/2023,13:45:11,AMZN,250,134.97,Sell
11/01/2023,13:45:11,AMZN,250,134.97,Sell
11/01/2023,13:46:11,META,250,304.07,Sell
11/01/2023,13:46:11,META,250,304.07,Sell
11/01/2023,13:46:11,META,250,304.07,Sell
11/01/2023,13:46:11,MSFT,250,343.28,Sell
11/01/2023,13:46:11,MSFT,250,343.28,Sell
11/01/2023,13:46:11,MSFT,250,343.28,Sell
11/01/2023,13:49:11,MSFT,250,343.24,Buy
11/01/2023,13:49:11,MSFT,250,343.24,Buy
11/01/2023,13:49:11,MSFT,250,343.24,Buy
11/01/2023,13:50:11,META,250,303.90,Buy
11/01/2023,13:50:11,META,250,303.90,Buy
11/01/2023,13:50:11,META,250,303.90,Buy
11/01/2023,14:04:11,MSFT,250,344.35,Sell
11/01/2023,14:04:11,MSFT,250,344.35,Sell
11/01/2023,14:04:11,MSFT,250,344.35,Sell
11/01/2023,14:05:11,META,250,303.90,Sell
11/01/2023,14:05:11,META,250,303.90,Sell
11/01/2023,14:05:11,META,250,303.90,Sell
11/01/2023,14:07:11,META,250,303.24,Buy
11/01/2023,14:07:11,META,250,303.24,Buy
11/01/2023,14:07:11,META,250,303.24,Buy
11/01/2023,14:09:11,MSFT,250,342.88,Buy
11/01/2023,14:09:11,MSFT,250,342.88,Buy
11/01/2023,14:09:11,MSFT,250,342.88,Buy
11/01/2023,14:22:11,META,250,305.97,Sell
11/01/2023,14:22:11,META,250,305.97,Sell
11/01/2023,14:22:11,META,250,305.97,Sell
11/01/2023,14:24:11,MSFT,250,345.59,Sell
11/01/2023,14:24:11,MSFT,250,345.59,Sell
11/01/2023,14:24:11,MSFT,250,345.59,Sell
11/01/2023,14:29:11,META,250,307.03,Buy
11/01/2023,14:29:11,META,250,307.03,Buy
11/01/2023,14:29:11,META,250,307.03,Buy
11/01/2023,14:31:11,MSFT,250,345.41,Buy
11/01/2023,14:31:11,MSFT,250,345.41,Buy
11/01/2023,14:31:11,MSFT,250,345.41,Buy
11/01/2023,14:44:11,META,250,307.63,Sell
11/01/2023,14:44:11,META,250,307.63,Sell
11/01/2023,14:44:11,META,250,307.63,Sell
11/01/2023,14:46:11,MSFT,250,346.46,Sell
11/01/2023,14:46:11,MSFT,250,346.46,Sell
11/01/2023,14:46:11,MSFT,250,346.46,Sell
11/01/2023,14:49:11,META,250,306.76,Buy
11/01/2023,14:49:11,META,250,306.76,Buy
11/01/2023,14:49:11,META,250,306.76,Buy
11/01/2023,14:53:11,AAPL,250,171.61,Buy
11/01/2023,14:53:11,AAPL,250,171.61,Buy
11/01/2023,14:53:11,AAPL,250,171.61,Buy
11/01/2023,14:57:10,MSFT,250,345.80,Buy
11/01/2023,14:57:10,MSFT,250,345.80,Buy
11/01/2023,14:57:10,MSFT,250,345.80,Buy
11/01/2023,15:04:11,META,250,308.71,Sell
11/01/2023,15:04:11,META,250,308.71,Sell
11/01/2023,15:04:11,META,250,308.71,Sell
11/01/2023,15:06:11,META,250,308.55,Buy
11/01/2023,15:06:11,META,250,308.55,Buy
11/01/2023,15:06:11,META,250,308.55,Buy
11/01/2023,15:08:11,AAPL,250,171.47,Sell
11/01/2023,15:08:11,AAPL,250,171.47,Sell
11/01/2023,15:08:11,AAPL,250,171.47,Sell
11/01/2023,15:09:11,AAPL,250,171.45,Buy
11/01/2023,15:09:11,AAPL,250,171.45,Buy
11/01/2023,15:09:11,AAPL,250,171.45,Buy
11/01/2023,15:12:11,MSFT,250,345.46,Sell
11/01/2023,15:12:11,MSFT,250,345.46,Sell
11/01/2023,15:12:11,MSFT,250,345.46,Sell
11/01/2023,15:21:11,META,250,307.74,Sell
11/01/2023,15:21:11,META,250,307.74,Sell
11/01/2023,15:21:11,META,250,307.74,Sell
11/01/2023,15:22:11,META,250,307.77,Buy
11/01/2023,15:22:11,META,250,307.77,Buy
11/01/2023,15:22:11,META,250,307.77,Buy
11/01/2023,15:22:11,MSFT,250,344.80,Buy
11/01/2023,15:22:11,MSFT,250,344.80,Buy
11/01/2023,15:22:11,MSFT,250,344.80,Buy
11/01/2023,15:24:11,AAPL,250,171.28,Sell
11/01/2023,15:24:11,AAPL,250,171.28,Sell
11/01/2023,15:24:11,AAPL,250,171.28,Sell
11/01/2023,15:27:11,AAPL,250,171.37,Buy
11/01/2023,15:27:11,AAPL,250,171.37,Buy
11/01/2023,15:27:11,AAPL,250,171.37,Buy
11/01/2023,15:37:11,MSFT,250,344.92,Sell
11/01/2023,15:37:11,MSFT,250,344.92,Sell
11/01/2023,15:37:11,MSFT,250,344.92,Sell
11/01/2023,15:37:11,META,250,307.50,Sell
11/01/2023,15:37:11,META,250,307.50,Sell
11/01/2023,15:37:11,META,250,307.50,Sell
11/01/2023,15:38:11,META,250,307.31,Buy
11/01/2023,15:38:11,META,250,307.31,Buy
11/01/2023,15:38:11,META,250,307.31,Buy
11/01/2023,15:42:11,AAPL,250,171.61,Sell
11/01/2023,15:42:11,AAPL,250,171.61,Sell
11/01/2023,15:42:11,AAPL,250,171.61,Sell
11/01/2023,15:46:11,AAPL,250,171.80,Buy
11/01/2023,15:46:11,AAPL,250,171.80,Buy
11/01/2023,15:46:11,AAPL,250,171.80,Buy
11/01/2023,15:48:11,AMZN,250,135.23,Buy
11/01/2023,15:48:11,AMZN,250,135.23,Buy
11/01/2023,15:48:11,AMZN,250,135.23,Buy
11/01/2023,15:53:11,META,250,306.88,Sell
11/01/2023,15:53:11,META,250,306.88,Sell
11/01/2023,15:53:11,META,250,306.88,Sell
11/01/2023,15:56:11,META,250,307.12,Buy
11/01/2023,15:56:11,META,250,307.12,Buy
11/01/2023,15:56:11,META,250,307.12,Buy
11/01/2023,16:01:11,AAPL,250,171.83,Sell
11/01/2023,16:01:11,AAPL,250,171.83,Sell
11/01/2023,16:01:11,AAPL,250,171.83,Sell
11/01/2023,16:03:11,AAPL,250,171.77,Buy
11/01/2023,16:03:11,AAPL,250,171.77,Buy
11/01/2023,16:03:11,AAPL,250,171.77,Buy
11/01/2023,16:03:11,AMZN,250,135.34,Sell
11/01/2023,16:03:11,AMZN,250,135.34,Sell
11/01/2023,16:03:11,AMZN,250,135.34,Sell
11/01/2023,16:11:11,META,250,307.01,Sell
11/01/2023,16:11:11,META,250,307.01,Sell
11/01/2023,16:11:11,META,250,307.01,Sell
11/01/2023,16:12:11,META,250,306.60,Buy
11/01/2023,16:12:11,META,250,306.60,Buy
11/01/2023,16:12:11,META,250,306.60,Buy
11/01/2023,16:18:11,AAPL,250,171.66,Sell
11/01/2023,16:18:11,AAPL,250,171.66,Sell
11/01/2023,16:18:11,AAPL,250,171.66,Sell
11/01/2023,16:27:11,META,250,306.32,Sell
11/01/2023,16:27:11,META,250,306.32,Sell
11/01/2023,16:27:11,META,250,306.32,Sell
11/01/2023,16:29:11,META,250,306.33,Buy
11/01/2023,16:29:11,META,250,306.33,Buy
11/01/2023,16:29:11,META,250,306.33,Buy
11/01/2023,16:44:11,META,250,306.03,Sell
11/01/2023,16:44:11,META,250,306.03,Sell
11/01/2023,16:44:11,META,250,306.03,Sell
11/01/2023,16:45:11,META,250,306.27,Buy
11/01/2023,16:45:11,META,250,306.27,Buy
11/01/2023,16:45:11,META,250,306.27,Buy
11/01/2023,17:00:11,META,250,306.52,Sell
11/01/2023,17:00:11,META,250,306.52,Sell
11/01/2023,17:00:11,META,250,306.52,Sell
11/01/2023,17:01:11,META,250,306.31,Buy
11/01/2023,17:01:11,META,250,306.31,Buy
11/01/2023,17:01:11,META,250,306.31,Buy
11/01/2023,17:16:11,META,250,306.34,Sell
11/01/2023,17:16:11,META,250,306.34,Sell
11/01/2023,17:16:11,META,250,306.34,Sell
11/01/2023,17:17:11,META,250,306.43,Buy
11/01/2023,17:17:11,META,250,306.43,Buy
11/01/2023,17:17:11,META,250,306.43,Buy
11/01/2023,17:32:11,META,250,305.43,Sell
11/01/2023,17:32:11,META,250,305.43,Sell
11/01/2023,17:32:11,META,250,305.43,Sell
11/01/2023,17:36:11,META,250,305.22,Buy
11/01/2023,17:36:11,META,250,305.22,Buy
11/01/2023,17:36:11,META,250,305.22,Buy
11/01/2023,17:51:11,META,250,305.10,Sell
11/01/2023,17:51:11,META,250,305.10,Sell
11/01/2023,17:51:11,META,250,305.10,Sell
11/01/2023,17:53:11,META,250,305.11,Buy
11/01/2023,17:53:11,META,250,305.11,Buy
11/01/2023,17:53:11,META,250,305.11,Buy
11/01/2023,18:08:11,META,250,306.48,Sell
11/01/2023,18:08:11,META,250,306.48,Sell
11/01/2023,18:08:11,META,250,306.48,Sell
11/01/2023,18:09:11,META,250,306.28,Buy
11/01/2023,18:09:11,META,250,306.28,Buy
11/01/2023,18:09:11,META,250,306.28,Buy
11/01/2023,18:24:11,META,250,306.90,Sell
11/01/2023,18:24:11,META,250,306.90,Sell
11/01/2023,18:24:11,META,250,306.90,Sell
11/01/2023,18:26:11,META,250,306.71,Buy
11/01/2023,18:26:11,META,250,306.71,Buy
11/01/2023,18:26:11,META,250,306.71,Buy
11/01/2023,18:41:11,META,250,306.72,Sell
11/01/2023,18:41:11,META,250,306.72,Sell
11/01/2023,18:41:11,META,250,306.72,Sell
11/01/2023,18:44:11,META,250,306.62,Buy
11/01/2023,18:44:11,META,250,306.62,Buy
11/01/2023,18:44:11,META,250,306.62,Buy
11/01/2023,18:59:11,META,250,308.86,Sell
11/01/2023,18:59:11,META,250,308.86,Sell
11/01/2023,18:59:11,META,250,308.86,Sell
11/02/2023,13:30:11,AAPL,250,175.80,Buy
11/02/2023,13:30:11,AAPL,250,175.80,Buy
11/02/2023,13:30:11,AAPL,250,175.80,Buy
11/02/2023,13:32:11,AMZN,250,138.32,Buy
11/02/2023,13:32:11,AMZN,250,138.32,Buy
11/02/2023,13:32:11,AMZN,250,138.32,Buy
11/02/2023,13:45:11,AAPL,250,176.44,Sell
11/02/2023,13:45:11,AAPL,250,176.44,Sell
11/02/2023,13:45:11,AAPL,250,176.44,Sell
11/02/2023,13:47:11,AMZN,250,137.83,Sell
11/02/2023,13:47:11,AMZN,250,137.83,Sell
11/02/2023,13:47:11,AMZN,250,137.83,Sell
11/02/2023,13:54:11,MSFT,250,345.82,Buy
11/02/2023,13:54:11,MSFT,250,345.82,Buy
11/02/2023,13:54:11,MSFT,250,345.82,Buy
11/02/2023,14:01:11,META,250,311.72,Buy
11/02/2023,14:01:11,META,250,311.72,Buy
11/02/2023,14:01:11,META,250,311.72,Buy
11/02/2023,14:09:11,MSFT,250,345.90,Sell
11/02/2023,14:09:11,MSFT,250,345.90,Sell
11/02/2023,14:09:11,MSFT,250,345.90,Sell
11/02/2023,14:16:11,META,250,310.13,Sell
11/02/2023,14:16:11,META,250,310.13,Sell
11/02/2023,14:16:11,META,250,310.13,Sell
11/02/2023,14:19:11,META,250,310.50,Buy
11/02/2023,14:19:11,META,250,310.50,Buy
11/02/2023,14:19:11,META,250,310.50,Buy
11/02/2023,14:34:11,META,250,311.95,Sell
11/02/2023,14:34:11,META,250,311.95,Sell
11/02/2023,14:34:11,META,250,311.95,Sell
11/02/2023,14:35:11,META,250,311.14,Buy
11/02/2023,14:35:11,META,250,311.14,Buy
11/02/2023,14:35:11,META,250,311.14,Buy
11/02/2023,14:50:11,META,250,311.67,Sell
11/02/2023,14:50:11,META,250,311.67,Sell
11/02/2023,14:50:11,META,250,311.67,Sell
11/02/2023,15:05:11,META,250,309.30,Buy
11/02/2023,15:05:11,META,250,309.30,Buy
11/02/2023,15:05:11,META,250,309.30,Buy
11/02/2023,15:20:11,META,250,309.66,Sell
11/02/2023,15:20:11,META,250,309.66,Sell
11/02/2023,15:20:11,META,250,309.66,Sell
11/02/2023,15:34:11,META,250,310.07,Buy
11/02/2023,15:34:11,META,250,310.07,Buy
11/02/2023,15:34:11,META,250,310.07,Buy
11/02/2023,15:49:11,META,250,310.39,Sell
11/02/2023,15:49:11,META,250,310.39,Sell
11/02/2023,15:49:11,META,250,310.39,Sell
11/02/2023,15:51:11,META,250,309.81,Buy
11/02/2023,15:51:11,META,250,309.81,Buy
11/02/2023,15:51:11,META,250,309.81,Buy
11/02/2023,16:06:11,META,250,309.24,Sell
11/02/2023,16:06:11,META,250,309.24,Sell
11/02/2023,16:06:11,META,250,309.24,Sell
11/02/2023,16:08:11,META,250,308.64,Buy
11/02/2023,16:08:11,META,250,308.64,Buy
11/02/2023,16:08:11,META,250,308.64,Buy
11/02/2023,16:23:08,META,250,309.59,Sell
11/02/2023,16:23:08,META,250,309.59,Sell
11/02/2023,16:23:08,META,250,309.59,Sell
11/02/2023,16:25:11,META,250,309.35,Buy
11/02/2023,16:25:11,META,250,309.35,Buy
11/02/2023,16:25:11,META,250,309.35,Buy
11/02/2023,16:40:11,META,250,309.95,Sell
11/02/2023,16:40:11,META,250,309.95,Sell
11/02/2023,16:40:11,META,250,309.95,Sell
11/02/2023,16:41:11,META,250,309.83,Buy
11/02/2023,16:41:11,META,250,309.83,Buy
11/02/2023,16:41:11,META,250,309.83,Buy
11/02/2023,16:56:11,META,250,309.43,Sell
11/02/2023,16:56:11,META,250,309.43,Sell
11/02/2023,16:56:11,META,250,309.43,Sell
11/02/2023,17:02:11,META,250,308.78,Buy
11/02/2023,17:02:11,META,250,308.78,Buy
11/02/2023,17:02:11,META,250,308.78,Buy
11/02/2023,17:17:11,META,250,309.50,Sell
11/02/2023,17:17:11,META,250,309.50,Sell
11/02/2023,17:17:11,META,250,309.50,Sell
11/02/2023,17:19:11,META,250,309.41,Buy
11/02/2023,17:19:11,META,250,309.41,Buy
11/02/2023,17:19:11,META,250,309.41,Buy
11/02/2023,17:34:11,META,250,309.15,Sell
11/02/2023,17:34:11,META,250,309.15,Sell
11/02/2023,17:34:11,META,250,309.15,Sell
11/02/2023,17:35:10,META,250,309.30,Buy
11/02/2023,17:35:10,META,250,309.30,Buy
11/02/2023,17:35:10,META,250,309.30,Buy
11/02/2023,17:50:11,META,250,309.12,Sell
11/02/2023,17:50:11,META,250,309.12,Sell
11/02/2023,17:50:11,META,250,309.12,Sell
11/02/2023,17:55:11,META,250,309.89,Buy
11/02/2023,17:55:11,META,250,309.89,Buy
11/02/2023,17:55:11,META,250,309.89,Buy
11/02/2023,18:10:10,META,250,308.97,Sell
11/02/2023,18:10:10,META,250,308.97,Sell
11/02/2023,18:10:10,META,250,308.97,Sell
11/02/2023,18:11:11,META,250,308.88,Buy
11/02/2023,18:11:11,META,250,308.88,Buy
11/02/2023,18:11:11,META,250,308.88,Buy
11/02/2023,18:26:11,META,250,308.98,Sell
11/02/2023,18:26:11,META,250,308.98,Sell
11/02/2023,18:26:11,META,250,308.98,Sell
11/02/2023,18:28:11,META,250,308.86,Buy
11/02/2023,18:28:11,META,250,308.86,Buy
11/02/2023,18:28:11,META,250,308.86,Buy
11/02/2023,18:43:11,META,250,309.35,Sell
11/02/2023,18:43:11,META,250,309.35,Sell
11/02/2023,18:43:11,META,250,309.35,Sell
11/02/2023,18:49:11,META,250,309.03,Buy
11/02/2023,18:49:11,META,250,309.03,Buy
11/02/2023,18:49:11,META,250,309.03,Buy
11/02/2023,19:04:11,META,250,309.47,Sell
11/02/2023,19:04:11,META,250,309.47,Sell
11/02/2023,19:04:11,META,250,309.47,Sell
11/02/2023,19:05:11,META,250,309.37,Buy
11/02/2023,19:05:11,META,250,309.37,Buy
11/02/2023,19:05:11,META,250,309.37,Buy
11/02/2023,19:20:11,META,250,309.97,Sell
11/02/2023,19:20:11,META,250,309.97,Sell
11/02/2023,19:20:11,META,250,309.97,Sell
11/02/2023,19:22:11,GOOG,250,128.65,Buy
11/02/2023,19:22:11,GOOG,250,128.65,Buy
11/02/2023,19:22:11,GOOG,250,128.65,Buy
11/02/2023,19:23:11,META,250,309.92,Buy
11/02/2023,19:23:11,META,250,309.92,Buy
11/02/2023,19:23:11,META,250,309.92,Buy
11/02/2023,19:37:11,GOOG,250,128.67,Sell
11/02/2023,19:37:11,GOOG,250,128.67,Sell
11/02/2023,19:37:11,GOOG,250,128.67,Sell
11/02/2023,19:38:11,META,250,309.94,Sell
11/02/2023,19:38:11,META,250,309.94,Sell
11/02/2023,19:38:11,META,250,309.94,Sell
11/02/2023,19:41:11,META,250,310.14,Buy
11/02/2023,19:41:11,META,250,310.14,Buy
11/02/2023,19:41:11,META,250,310.14,Buy
11/02/2023,19:53:11,GOOG,250,128.72,Buy
11/02/2023,19:53:11,GOOG,250,128.72,Buy
11/02/2023,19:53:11,GOOG,250,128.72,Buy
11/02/2023,19:56:11,META,250,310.95,Sell
11/02/2023,19:56:11,META,250,310.95,Sell
11/02/2023,19:56:11,META,250,310.95,Sell
11/02/2023,19:57:11,META,250,310.67,Buy
11/02/2023,19:57:11,META,250,310.67,Buy
11/02/2023,19:57:11,META,250,310.67,Buy
11/02/2023,20:07:32,GOOG,250,128.52,Sell
11/02/2023,20:07:32,GOOG,250,128.52,Sell
11/02/2023,20:07:32,GOOG,250,128.52,Sell
11/02/2023,20:12:11,META,250,310.87,Sell
11/02/2023,20:12:11,META,250,310.87,Sell
11/02/2023,20:12:11,META,250,310.87,Sell
11/03/2023,13:30:11,GOOG,250,129.32,Buy
11/03/2023,13:30:11,GOOG,250,129.32,Buy
11/03/2023,13:30:11,GOOG,250,129.32,Buy
11/03/2023,13:30:11,META,250,312.49,Buy
11/03/2023,13:30:11,META,250,312.49,Buy
11/03/2023,13:30:11,META,250,312.49,Buy
11/03/2023,13:30:11,AAPL,250,174.42,Buy
11/03/2023,13:30:11,AAPL,250,174.42,Buy
11/03/2023,13:30:11,AAPL,250,174.42,Buy
11/03/2023,13:32:11,MSFT,250,349.07,Buy
11/03/2023,13:32:11,MSFT,250,349.07,Buy
11/03/2023,13:32:11,MSFT,250,349.07,Buy
11/03/2023,13:45:11,GOOG,250,129.69,Sell
11/03/2023,13:45:11,GOOG,250,129.69,Sell
11/03/2023,13:45:11,GOOG,250,129.69,Sell
11/03/2023,13:45:11,META,250,313.99,Sell
11/03/2023,13:45:11,META,250,313.99,Sell
11/03/2023,13:45:11,META,250,313.99,Sell
11/03/2023,13:45:11,AAPL,250,175.67,Sell
11/03/2023,13:45:11,AAPL,250,175.67,Sell
11/03/2023,13:45:11,AAPL,250,175.67,Sell
11/03/2023,13:47:11,MSFT,250,349.81,Sell
11/03/2023,13:47:11,MSFT,250,349.81,Sell
11/03/2023,13:47:11,MSFT,250,349.81,Sell
11/03/2023,14:15:11,MSFT,250,350.19,Buy
11/03/2023,14:15:11,MSFT,250,350.19,Buy
11/03/2023,14:15:11,MSFT,250,350.19,Buy
11/03/2023,14:26:11,META,250,312.24,Buy
11/03/2023,14:26:11,META,250,312.24,Buy
11/03/2023,14:26:11,META,250,312.24,Buy
11/03/2023,14:30:11,MSFT,250,350.72,Sell
11/03/2023,14:30:11,MSFT,250,350.72,Sell
11/03/2023,14:30:11,MSFT,250,350.72,Sell
11/03/2023,14:32:11,MSFT,250,350.71,Buy
11/03/2023,14:32:11,MSFT,250,350.71,Buy
11/03/2023,14:32:11,MSFT,250,350.71,Buy
11/03/2023,14:41:11,META,250,312.34,Sell
11/03/2023,14:41:11,META,250,312.34,Sell
11/03/2023,14:41:11,META,250,312.34,Sell
11/03/2023,14:43:11,META,250,311.63,Buy
11/03/2023,14:43:11,META,250,311.63,Buy
11/03/2023,14:43:11,META,250,311.63,Buy
11/03/2023,14:47:11,MSFT,250,350.60,Sell
11/03/2023,14:47:11,MSFT,250,350.60,Sell
11/03/2023,14:47:11,MSFT,250,350.60,Sell
11/03/2023,14:50:11,MSFT,250,350.53,Buy
11/03/2023,14:50:11,MSFT,250,350.53,Buy
11/03/2023,14:50:11,MSFT,250,350.53,Buy
11/03/2023,14:58:11,META,250,312.20,Sell
11/03/2023,14:58:11,META,250,312.20,Sell
11/03/2023,14:58:11,META,250,312.20,Sell
11/03/2023,15:00:11,META,250,312.59,Buy
11/03/2023,15:00:11,META,250,312.59,Buy
11/03/2023,15:00:11,META,250,312.59,Buy
11/03/2023,15:05:11,MSFT,250,350.92,Sell
11/03/2023,15:05:11,MSFT,250,350.92,Sell
11/03/2023,15:05:11,MSFT,250,350.92,Sell
11/03/2023,15:10:11,MSFT,250,350.20,Buy
11/03/2023,15:10:11,MSFT,250,350.20,Buy
11/03/2023,15:10:11,MSFT,250,350.20,Buy
11/03/2023,15:15:11,META,250,311.87,Sell
11/03/2023,15:15:11,META,250,311.87,Sell
11/03/2023,15:15:11,META,250,311.87,Sell
11/03/2023,15:18:11,META,250,312.10,Buy
11/03/2023,15:18:11,META,250,312.10,Buy
11/03/2023,15:18:11,META,250,312.10,Buy
11/03/2023,15:25:11,MSFT,250,350.82,Sell
11/03/2023,15:25:11,MSFT,250,350.82,Sell
11/03/2023,15:25:11,MSFT,250,350.82,Sell
11/03/2023,15:33:06,META,250,313.00,Sell
11/03/2023,15:33:06,META,250,313.00,Sell
11/03/2023,15:33:06,META,250,313.00,Sell
11/03/2023,15:42:11,META,250,312.87,Buy
11/03/2023,15:42:11,META,250,312.87,Buy
11/03/2023,15:42:11,META,250,312.87,Buy
11/03/2023,15:57:11,META,250,312.65,Sell
11/03/2023,15:57:11,META,250,312.65,Sell
11/03/2023,15:57:11,META,250,312.65,Sell
11/03/2023,16:01:11,META,250,312.48,Buy
11/03/2023,16:01:11,META,250,312.48,Buy
11/03/2023,16:01:11,META,250,312.48,Buy
11/03/2023,16:16:11,META,250,312.49,Sell
11/03/2023,16:16:11,META,250,312.49,Sell
11/03/2023,16:16:11,META,250,312.49,Sell
11/03/2023,16:46:11,META,250,313.22,Buy
11/03/2023,16:46:11,META,250,313.22,Buy
11/03/2023,16:46:11,META,250,313.22,Buy
11/03/2023,17:01:11,META,250,313.68,Sell
11/03/2023,17:01:11,META,250,313.68,Sell
11/03/2023,17:01:11,META,250,313.68,Sell
11/03/2023,17:09:11,META,250,313.31,Buy
11/03/2023,17:09:11,META,250,313.31,Buy
11/03/2023,17:09:11,META,250,313.31,Buy
11/03/2023,17:24:11,META,250,312.82,Sell
11/03/2023,17:24:11,META,250,312.82,Sell
11/03/2023,17:24:11,META,250,312.82,Sell
11/03/2023,17:26:10,META,250,312.87,Buy
11/03/2023,17:26:10,META,250,312.87,Buy
11/03/2023,17:26:10,META,250,312.87,Buy
11/03/2023,17:41:11,META,250,313.40,Sell
11/03/2023,17:41:11,META,250,313.40,Sell
11/03/2023,17:41:11,META,250,313.40,Sell
11/03/2023,17:45:11,META,250,313.22,Buy
11/03/2023,17:45:11,META,250,313.22,Buy
