Date,Time,Symbol,Quantity,Price,Side
01/02/2024,14:36:11,AAPL,250,187.82,Buy
01/02/2024,14:45:11,AAPL,250,186.11,Buy
01/02/2024,14:50:11,MSFT,250,368.31,Buy
01/02/2024,14:51:11,AAPL,250,186.16,Sell
01/02/2024,14:52:11,MSFT,250,368.03,Buy
01/02/2024,14:55:11,AAPL,250,186.29,Buy
01/02/2024,14:55:11,MSFT,250,367.52,Buy
01/02/2024,14:58:11,META,250,343.26,Buy
01/02/2024,14:59:11,AMZN,250,149.18,Buy
01/02/2024,15:00:11,AAPL,250,186.63,Sell
01/02/2024,15:04:11,AAPL,250,186.79,Buy
01/02/2024,15:05:11,MSFT,250,368.64,Sell
01/02/2024,15:07:11,MSFT,250,368.01,Sell
01/02/2024,15:10:11,AAPL,250,186.65,Sell
01/02/2024,15:10:11,MSFT,250,368.26,Sell
01/02/2024,15:13:09,META,250,344.87,Sell
01/02/2024,15:14:11,AMZN,250,149.26,Sell
01/02/2024,15:17:11,META,250,343.91,Buy
01/02/2024,15:19:11,AAPL,250,186.49,Sell
01/02/2024,15:28:11,AAPL,250,186.20,Buy
01/02/2024,15:30:11,AAPL,250,186.13,Buy
01/02/2024,15:32:11,META,250,341.28,Sell
01/02/2024,15:32:11,AAPL,250,185.84,Buy
01/02/2024,15:43:11,AAPL,250,185.31,Sell
01/02/2024,15:44:11,AAPL,250,185.50,Buy
01/02/2024,15:45:11,AAPL,250,185.50,Sell
01/02/2024,15:47:11,AAPL,250,185.43,Sell
01/02/2024,15:48:11,AAPL,250,185.48,Buy
01/02/2024,15:52:11,AAPL,250,185.43,Buy
01/02/2024,15:59:11,AAPL,250,185.72,Sell
01/02/2024,16:03:11,AAPL,250,186.30,Sell
01/02/2024,16:07:11,AAPL,250,186.47,Sell
01/02/2024,19:43:11,AAPL,250,184.51,Buy
01/02/2024,19:58:11,AAPL,250,184.09,Sell
01/02/2024,20:05:11,AAPL,250,183.98,Buy
01/02/2024,20:14:11,AAPL,250,184.00,Buy
01/02/2024,20:20:11,AAPL,250,184.25,Sell
01/02/2024,20:29:11,AAPL,250,184.35,Sell
01/03/2024,14:31:11,META,250,344.05,Buy
01/03/2024,14:32:11,META,250,344.60,Buy
01/03/2024,14:46:11,META,250,346.44,Sell
01/03/2024,14:47:11,META,250,346.53,Sell
01/04/2024,14:49:11,AAPL,250,181.89,Buy
01/04/2024,14:51:11,AAPL,250,181.72,Buy
01/04/2024,15:04:11,AAPL,250,181.67,Sell
01/04/2024,15:06:11,AAPL,250,181.73,Sell
01/04/2024,15:38:11,AAPL,250,181.03,Buy
01/04/2024,15:39:11,META,250,344.60,Buy
01/04/2024,15:53:11,AAPL,250,181.50,Sell
01/04/2024,15:54:11,META,250,345.40,Sell
01/04/2024,16:04:10,META,250,345.00,Buy
01/04/2024,16:19:11,META,250,346.85,Sell
01/04/2024,19:55:11,MSFT,250,369.41,Buy
01/04/2024,20:10:11,MSFT,250,369.09,Sell
01/04/2024,20:39:11,MSFT,250,368.69,Buy
01/04/2024,20:44:11,MSFT,250,368.36,Buy
01/04/2024,20:52:11,TSLA,250,238.39,Buy
01/04/2024,20:52:11,MSFT,250,367.64,Buy
01/04/2024,20:54:11,MSFT,250,367.70,Sell
01/04/2024,20:59:11,MSFT,250,367.95,Sell
01/04/2024,21:07:05,MSFT,250,367.84,Sell
01/04/2024,21:07:05,TSLA,250,238.09,Sell
01/05/2024,14:33:11,MSFT,250,369.03,Buy
01/05/2024,14:34:11,TSLA,250,236.20,Buy
01/05/2024,14:43:11,META,250,349.09,Buy
01/05/2024,14:46:11,TSLA,250,236.07,Buy
01/05/2024,14:48:11,MSFT,250,370.06,Sell
01/05/2024,14:49:11,TSLA,250,237.07,Sell
01/05/2024,14:58:11,META,250,349.40,Sell
01/05/2024,15:01:11,TSLA,250,238.68,Sell
01/05/2024,19:53:11,MSFT,250,367.26,Buy
01/05/2024,20:08:11,MSFT,250,367.37,Sell
01/05/2024,20:09:11,MSFT,250,367.37,Buy
01/05/2024,20:19:11,MSFT,250,367.16,Buy
01/05/2024,20:24:11,MSFT,250,367.04,Sell
01/05/2024,20:34:11,MSFT,250,366.74,Buy
01/05/2024,20:34:11,MSFT,250,366.75,Sell
01/05/2024,20:49:11,MSFT,250,367.25,Sell
01/05/2024,20:55:11,MSFT,250,367.85,Buy
01/05/2024,21:09:23,MSFT,250,368.01,Sell
01/08/2024,14:30:11,TSLA,250,235.55,Buy
01/08/2024,14:34:09,META,250,354.76,Buy
01/08/2024,14:38:11,AMD,250,141.58,Buy
01/08/2024,14:43:11,META,250,355.12,Buy
01/08/2024,14:44:11,TSLA,250,236.23,Buy
01/08/2024,14:45:11,TSLA,250,236.44,Sell
01/08/2024,14:49:11,META,250,355.11,Sell
01/08/2024,14:53:11,AMD,250,142.89,Sell
01/08/2024,14:58:11,META,250,354.10,Sell
01/08/2024,14:59:11,TSLA,250,238.49,Sell
01/08/2024,15:09:11,META,250,353.25,Buy
01/08/2024,15:13:10,META,250,352.57,Buy
01/08/2024,15:24:11,META,250,352.63,Sell
01/08/2024,15:26:11,TSLA,250,236.33,Buy
01/08/2024,15:27:11,MSFT,250,370.00,Buy
01/08/2024,15:28:11,META,250,353.27,Sell
01/08/2024,15:29:11,MSFT,250,370.05,Buy
01/08/2024,15:39:10,MSFT,250,370.36,Buy
01/08/2024,15:41:10,TSLA,250,236.56,Sell
01/08/2024,15:42:11,MSFT,250,370.41,Sell
01/08/2024,15:44:11,MSFT,250,370.01,Sell
01/08/2024,15:47:11,MSFT,250,369.92,Buy
01/08/2024,15:54:11,MSFT,250,370.30,Sell
01/08/2024,16:02:11,MSFT,250,370.26,Buy
01/08/2024,16:02:11,MSFT,250,370.31,Sell
01/08/2024,16:04:11,MSFT,250,370.13,Buy
01/08/2024,16:11:11,MSFT,250,370.32,Buy
01/08/2024,16:17:10,MSFT,250,370.16,Sell
01/08/2024,16:19:11,MSFT,250,370.29,Sell
01/08/2024,16:24:11,MSFT,250,370.44,Buy
01/08/2024,16:26:11,MSFT,250,370.50,Sell
01/08/2024,16:31:11,MSFT,250,370.24,Buy
01/08/2024,16:39:11,MSFT,250,370.42,Sell
01/08/2024,16:46:11,MSFT,250,370.88,Sell
01/08/2024,16:59:11,MSFT,250,371.11,Buy
01/08/2024,17:14:11,MSFT,250,371.52,Sell
01/08/2024,17:24:11,MSFT,250,371.08,Buy
01/08/2024,17:29:11,MSFT,250,371.06,Buy
01/08/2024,17:39:11,MSFT,250,371.58,Sell
01/08/2024,17:44:11,MSFT,250,371.86,Sell
01/08/2024,18:29:11,MSFT,250,371.91,Buy
01/08/2024,18:44:11,MSFT,250,372.03,Sell
01/08/2024,18:54:11,MSFT,250,371.97,Buy
01/08/2024,19:09:11,MSFT,250,372.68,Sell
01/09/2024,14:30:11,AMD,250,146.13,Buy
01/09/2024,14:30:11,AAPL,250,184.07,Buy
01/09/2024,14:45:11,AMD,250,146.13,Sell
01/09/2024,14:45:11,AAPL,250,182.86,Sell
01/09/2024,15:04:11,MSFT,250,371.66,Buy
01/09/2024,15:19:11,MSFT,250,372.65,Sell
01/09/2024,15:20:11,MSFT,250,372.68,Buy
01/09/2024,15:35:11,MSFT,250,372.00,Sell
01/10/2024,14:49:11,MSFT,250,379.38,Buy
01/10/2024,14:52:11,MSFT,250,378.52,Buy
01/10/2024,14:52:11,META,250,366.05,Buy
01/10/2024,14:58:11,META,250,365.04,Buy
01/10/2024,15:04:11,MSFT,250,379.50,Sell
01/10/2024,15:07:11,META,250,366.74,Sell
01/10/2024,15:07:11,MSFT,250,379.43,Sell
01/10/2024,15:13:11,META,250,367.83,Sell
01/10/2024,15:16:11,MSFT,250,380.40,Buy
01/10/2024,15:31:11,MSFT,250,381.16,Sell
01/10/2024,15:39:11,AMD,250,148.47,Buy
01/10/2024,15:49:11,MSFT,250,381.58,Buy
01/10/2024,15:54:11,AMD,250,148.88,Sell
01/10/2024,15:57:09,META,250,366.86,Buy
01/10/2024,16:04:11,MSFT,250,381.74,Sell
01/10/2024,16:05:11,AAPL,250,184.88,Buy
01/10/2024,16:09:11,AAPL,250,184.98,Buy
01/10/2024,16:12:11,META,250,368.19,Sell
01/10/2024,16:16:11,MSFT,250,380.93,Buy
01/10/2024,16:17:11,MSFT,250,380.99,Buy
01/10/2024,16:18:11,MSFT,250,381.24,Buy
01/10/2024,16:20:11,AAPL,250,184.64,Sell
01/10/2024,16:24:11,AAPL,250,184.57,Sell
01/10/2024,16:30:11,META,250,368.33,Buy
01/10/2024,16:31:11,MSFT,250,381.44,Sell
01/10/2024,16:32:11,MSFT,250,381.44,Buy
01/10/2024,16:32:11,MSFT,250,381.47,Sell
01/10/2024,16:33:10,MSFT,250,381.41,Sell
01/10/2024,16:45:11,META,250,370.65,Sell
01/10/2024,16:47:11,MSFT,250,380.88,Sell
01/10/2024,16:53:11,MSFT,250,380.54,Buy
01/10/2024,17:08:11,MSFT,250,381.18,Sell
01/11/2024,15:08:11,MSFT,250,384.00,Buy
01/11/2024,15:23:11,MSFT,250,385.18,Sell
01/11/2024,16:03:11,MSFT,250,382.38,Buy
01/11/2024,16:17:11,META,250,363.64,Buy
01/11/2024,16:18:11,MSFT,250,380.90,Sell
01/11/2024,16:19:11,MSFT,250,380.80,Buy
01/11/2024,16:23:11,MSFT,250,380.98,Buy
01/11/2024,16:31:11,MSFT,250,380.74,Buy
01/11/2024,16:32:10,META,250,363.70,Sell
01/11/2024,16:34:11,MSFT,250,380.81,Sell
01/11/2024,16:38:11,MSFT,250,381.40,Sell
01/11/2024,16:41:11,MSFT,250,381.15,Buy
01/11/2024,16:46:11,MSFT,250,380.45,Sell
01/11/2024,16:55:11,MSFT,250,381.00,Buy
01/11/2024,16:56:11,MSFT,250,381.08,Sell
01/11/2024,17:01:11,MSFT,250,381.23,Buy
01/11/2024,17:08:11,AMZN,250,153.53,Buy
01/11/2024,17:08:11,MSFT,250,381.45,Buy
01/11/2024,17:10:11,MSFT,250,381.76,Sell
01/11/2024,17:16:11,MSFT,250,381.34,Sell
01/11/2024,17:17:11,MSFT,250,381.29,Buy
01/11/2024,17:18:11,TSLA,250,226.38,Buy
01/11/2024,17:20:11,MSFT,250,381.06,Buy
01/11/2024,17:23:11,AMZN,250,154.13,Sell
01/11/2024,17:23:11,MSFT,250,381.11,Sell
01/11/2024,17:31:11,MSFT,250,380.87,Buy
01/11/2024,17:32:11,MSFT,250,380.91,Sell
01/11/2024,17:33:11,MSFT,250,380.88,Buy
01/11/2024,17:33:11,TSLA,250,225.96,Sell
01/11/2024,17:35:11,MSFT,250,380.93,Sell
01/11/2024,17:44:11,MSFT,250,381.43,Buy
01/11/2024,17:46:11,MSFT,250,381.90,Sell
01/11/2024,17:48:11,MSFT,250,381.89,Sell
01/11/2024,17:59:11,MSFT,250,382.22,Buy
01/11/2024,17:59:11,MSFT,250,382.25,Sell
01/11/2024,18:01:11,GOOG,250,142.50,Buy
01/11/2024,18:09:11,TSLA,250,226.56,Buy
01/11/2024,18:14:11,MSFT,250,383.10,Sell
01/11/2024,18:16:11,GOOG,250,142.99,Sell
01/11/2024,18:20:11,GOOG,250,142.95,Buy
01/11/2024,18:24:11,TSLA,250,226.99,Sell
01/11/2024,18:24:11,AMZN,250,154.83,Buy
01/11/2024,18:31:11,TSLA,250,226.97,Buy
01/11/2024,18:31:11,GOOG,250,143.10,Buy
01/11/2024,18:35:11,GOOG,250,143.12,Sell
01/11/2024,18:35:11,TSLA,250,226.61,Buy
01/11/2024,18:39:11,AMZN,250,155.22,Sell
01/11/2024,18:43:11,MSFT,250,383.80,Buy
01/11/2024,18:44:11,TSLA,250,227.20,Buy
01/11/2024,18:46:11,TSLA,250,227.27,Sell
01/11/2024,18:46:11,GOOG,250,143.16,Buy
01/11/2024,18:46:11,GOOG,250,143.17,Sell
01/11/2024,18:50:11,TSLA,250,227.39,Sell
01/11/2024,18:58:11,MSFT,250,384.54,Sell
01/11/2024,18:59:11,TSLA,250,227.75,Sell
01/11/2024,19:01:11,GOOG,250,143.48,Sell
01/11/2024,19:03:11,MSFT,250,384.92,Buy
01/11/2024,19:06:11,MSFT,250,384.51,Buy
01/11/2024,19:10:11,MSFT,250,384.40,Buy
01/11/2024,19:11:11,TSLA,250,226.60,Buy
01/11/2024,19:15:11,TSLA,250,226.90,Buy
01/11/2024,19:18:11,MSFT,250,384.67,Sell
01/11/2024,19:21:11,MSFT,250,384.64,Sell
01/11/2024,19:25:11,MSFT,250,384.22,Sell
01/11/2024,19:25:11,GOOG,250,143.35,Buy
01/11/2024,19:26:11,TSLA,250,226.79,Sell
01/11/2024,19:30:11,TSLA,250,227.01,Sell
01/11/2024,19:35:11,MSFT,250,384.72,Buy
01/11/2024,19:40:11,GOOG,250,143.58,Sell
01/11/2024,19:44:11,MSFT,250,385.00,Buy
01/11/2024,19:45:11,MSFT,250,384.92,Buy
01/11/2024,19:49:11,TSLA,250,227.35,Buy
01/11/2024,19:50:11,MSFT,250,385.18,Sell
01/11/2024,19:59:11,MSFT,250,385.30,Sell
01/11/2024,20:00:11,MSFT,250,385.27,Sell
01/11/2024,20:04:11,TSLA,250,228.02,Sell
01/11/2024,20:10:11,MSFT,250,384.75,Buy
01/11/2024,20:12:11,MSFT,250,384.60,Buy
01/11/2024,20:18:11,MSFT,250,384.47,Buy
01/11/2024,20:25:11,MSFT,250,384.60,Sell
01/11/2024,20:27:11,MSFT,250,384.72,Sell
01/11/2024,20:33:11,MSFT,250,384.68,Sell
01/11/2024,20:37:11,MSFT,250,384.24,Buy
01/11/2024,20:44:11,MSFT,250,384.52,Buy
01/11/2024,20:46:11,MSFT,250,384.37,Buy
01/11/2024,20:52:11,MSFT,250,384.35,Sell
01/11/2024,20:57:11,MSFT,250,384.56,Buy
01/11/2024,20:59:11,MSFT,250,384.84,Sell
01/11/2024,21:01:05,MSFT,250,384.62,Sell
01/11/2024,21:12:11,MSFT,250,384.68,Sell
01/12/2024,14:32:11,GOOG,250,143.67,Buy
01/12/2024,14:33:11,META,250,371.09,Buy
01/12/2024,14:36:11,META,250,371.00,Buy
01/12/2024,14:47:11,GOOG,250,143.93,Sell
01/12/2024,14:48:11,META,250,373.59,Buy
01/12/2024,14:48:11,META,250,373.68,Sell
01/12/2024,14:51:11,META,250,373.75,Sell
01/12/2024,15:03:11,META,250,372.93,Sell
01/12/2024,16:58:11,TSLA,250,217.95,Buy
01/12/2024,17:13:11,TSLA,250,218.03,Sell
01/12/2024,18:37:11,TSLA,250,219.05,Buy
01/12/2024,18:41:11,TSLA,250,218.92,Buy
01/12/2024,18:45:10,TSLA,250,218.68,Buy
01/12/2024,18:52:11,TSLA,250,218.03,Sell
01/12/2024,18:56:11,TSLA,250,218.68,Sell
01/12/2024,19:00:11,TSLA,250,218.74,Sell
01/12/2024,19:20:11,TSLA,250,218.44,Buy
01/12/2024,19:28:11,TSLA,250,218.00,Buy
01/12/2024,19:32:11,TSLA,250,217.76,Buy
01/12/2024,19:35:11,TSLA,250,217.25,Sell
01/12/2024,19:37:11,TSLA,250,217.37,Buy
01/12/2024,19:43:11,TSLA,250,217.93,Sell
01/12/2024,19:47:11,TSLA,250,217.96,Sell
01/12/2024,19:52:11,TSLA,250,217.95,Sell
01/12/2024,19:55:11,TSLA,250,217.60,Buy
01/12/2024,20:00:11,TSLA,250,217.72,Buy
01/12/2024,20:03:11,TSLA,250,217.76,Buy
01/12/2024,20:10:11,TSLA,250,217.74,Sell
01/12/2024,20:11:11,TSLA,250,217.88,Buy
01/12/2024,20:15:11,TSLA,250,217.99,Sell
01/12/2024,20:18:10,TSLA,250,218.09,Sell
01/12/2024,20:26:11,TSLA,250,218.14,Sell
01/12/2024,20:42:11,TSLA,250,218.91,Buy
01/12/2024,20:57:11,TSLA,250,218.83,Sell
01/16/2024,14:30:11,GOOG,250,143.57,Buy
01/16/2024,14:36:11,TSLA,250,212.46,Buy
01/16/2024,14:45:11,GOOG,250,144.42,Sell
01/16/2024,14:51:11,AAPL,250,181.14,Buy
01/16/2024,14:51:11,TSLA,250,214.72,Sell
01/16/2024,14:58:11,AAPL,250,181.25,Buy
01/16/2024,15:06:11,AAPL,250,181.32,Sell
01/16/2024,15:13:11,AAPL,250,181.66,Sell
01/16/2024,18:03:11,MSFT,250,387.64,Buy
01/16/2024,18:04:11,MSFT,250,387.84,Buy
01/16/2024,18:08:11,MSFT,250,388.04,Buy
01/16/2024,18:18:11,MSFT,250,389.24,Sell
01/16/2024,18:19:11,MSFT,250,388.98,Sell
01/16/2024,18:23:11,MSFT,250,388.20,Sell
01/16/2024,18:41:11,MSFT,250,389.23,Buy
01/16/2024,18:56:11,MSFT,250,388.75,Sell
01/16/2024,19:04:11,MSFT,250,388.67,Buy
01/16/2024,19:19:11,MSFT,250,388.10,Sell
01/16/2024,19:28:11,MSFT,250,388.95,Buy
01/16/2024,19:43:10,MSFT,250,389.13,Sell
01/17/2024,14:32:11,TSLA,250,214.50,Buy
01/17/2024,14:44:11,TSLA,250,214.89,Buy
01/17/2024,14:46:11,TSLA,250,214.74,Buy
01/17/2024,14:47:11,TSLA,250,214.64,Sell
01/17/2024,14:54:11,TSLA,250,214.46,Buy
01/17/2024,14:59:11,TSLA,250,214.23,Sell
01/17/2024,15:01:11,TSLA,250,214.28,Sell
01/17/2024,15:09:11,TSLA,250,214.58,Sell
01/17/2024,18:23:11,TSLA,250,212.51,Buy
01/17/2024,18:33:11,TSLA,250,212.28,Buy
01/17/2024,18:38:11,TSLA,250,212.49,Sell
01/17/2024,18:48:11,TSLA,250,212.76,Sell
01/18/2024,16:59:11,AMD,250,161.92,Buy
01/18/2024,17:10:11,AMD,250,161.11,Buy
01/18/2024,17:13:11,AMD,250,160.37,Buy
01/18/2024,17:14:11,AMD,250,160.45,Sell
01/18/2024,17:20:11,AMD,250,160.96,Buy
01/18/2024,17:25:11,AMD,250,160.41,Sell
01/18/2024,17:26:11,AMD,250,160.54,Buy
01/18/2024,17:28:11,AMD,250,160.97,Sell
01/18/2024,17:34:11,AMD,250,160.45,Buy
01/18/2024,17:35:11,AMD,250,160.15,Sell
01/18/2024,17:36:11,AMD,250,160.45,Buy
01/18/2024,17:41:11,AMD,250,160.83,Sell
01/18/2024,17:49:11,AMD,250,161.05,Sell
01/18/2024,17:51:11,AMD,250,160.40,Sell
01/18/2024,17:58:11,TSLA,250,209.76,Buy
01/18/2024,18:07:11,TSLA,250,208.87,Buy
01/18/2024,18:08:11,MSFT,250,390.74,Buy
01/18/2024,18:08:11,AMD,250,159.51,Buy
01/18/2024,18:13:11,TSLA,250,208.92,Sell
01/18/2024,18:18:11,AMD,250,158.78,Buy
01/18/2024,18:20:11,AMD,250,158.74,Buy
01/18/2024,18:20:11,TSLA,250,209.03,Buy
01/18/2024,18:22:11,TSLA,250,208.93,Buy
01/18/2024,18:22:11,TSLA,250,208.96,Sell
01/18/2024,18:23:11,MSFT,250,390.41,Sell
01/18/2024,18:23:11,AMD,250,158.51,Sell
01/18/2024,18:25:11,MSFT,250,390.18,Buy
01/18/2024,18:33:11,AMD,250,159.05,Sell
01/18/2024,18:35:11,TSLA,250,209.99,Sell
01/18/2024,18:35:11,AMD,250,159.34,Sell
01/18/2024,18:37:11,TSLA,250,210.00,Sell
01/18/2024,18:40:11,MSFT,250,390.89,Sell
01/18/2024,18:48:11,TSLA,250,209.94,Buy
01/18/2024,18:55:11,TSLA,250,209.86,Buy
01/18/2024,18:58:11,TSLA,250,209.87,Buy
01/18/2024,19:03:10,TSLA,250,210.07,Sell
01/18/2024,19:04:11,AMD,250,161.11,Buy
01/18/2024,19:10:11,TSLA,250,210.19,Sell
01/18/2024,19:13:11,TSLA,250,210.64,Sell
01/18/2024,19:19:11,AMD,250,161.30,Sell
01/18/2024,19:20:10,AMD,250,161.43,Buy
01/18/2024,19:22:10,TSLA,250,210.72,Buy
01/18/2024,19:28:11,AMD,250,161.67,Buy
01/18/2024,19:33:11,TSLA,250,211.51,Buy
01/18/2024,19:35:11,TSLA,250,211.45,Buy
01/18/2024,19:35:11,AMD,250,161.52,Sell
01/18/2024,19:37:11,TSLA,250,211.36,Sell
01/18/2024,19:43:11,AMD,250,161.41,Sell
01/18/2024,19:44:11,AMD,250,161.34,Buy
01/18/2024,19:44:11,TSLA,250,210.60,Buy
01/18/2024,19:46:11,AMD,250,161.35,Buy
01/18/2024,19:48:11,TSLA,250,210.38,Sell
01/18/2024,19:50:11,TSLA,250,210.86,Sell
01/18/2024,19:52:11,TSLA,250,210.81,Buy
01/18/2024,19:59:11,AMD,250,161.91,Sell
01/18/2024,19:59:11,TSLA,250,211.10,Sell
01/18/2024,20:01:11,AMD,250,162.05,Sell
01/18/2024,20:02:11,AMD,250,162.13,Buy
01/18/2024,20:02:11,TSLA,250,210.98,Buy
01/18/2024,20:04:11,TSLA,250,210.80,Buy
01/18/2024,20:04:11,AMD,250,161.95,Buy
01/18/2024,20:07:11,TSLA,250,211.02,Sell
01/18/2024,20:12:11,AMD,250,162.51,Buy
01/18/2024,20:16:11,TSLA,250,211.66,Buy
01/18/2024,20:17:10,TSLA,250,211.65,Sell
01/18/2024,20:17:11,AMD,250,162.61,Sell
01/18/2024,20:19:11,AMD,250,162.40,Sell
01/18/2024,20:19:11,TSLA,250,211.46,Sell
01/18/2024,20:20:11,AMD,250,162.40,Buy
01/18/2024,20:20:11,TSLA,250,211.53,Buy
01/18/2024,20:25:11,AMD,250,162.37,Buy
01/18/2024,20:27:11,AMD,250,162.42,Sell
01/18/2024,20:28:11,MSFT,250,392.66,Buy
01/18/2024,20:31:11,TSLA,250,211.74,Sell
01/18/2024,20:35:11,TSLA,250,211.46,Sell
01/18/2024,20:35:11,AMD,250,162.39,Buy
01/18/2024,20:35:11,AMD,250,162.40,Sell
01/18/2024,20:39:11,AMD,250,162.34,Buy
01/18/2024,20:40:11,AMD,250,162.10,Sell
01/18/2024,20:43:11,MSFT,250,392.60,Sell
01/18/2024,20:43:11,AMD,250,162.12,Buy
01/18/2024,20:50:11,AMD,250,162.62,Sell
01/18/2024,20:54:11,AMD,250,162.70,Sell
01/18/2024,20:58:11,AMD,250,162.74,Sell
01/19/2024,14:30:11,MSFT,250,395.18,Buy
01/19/2024,14:42:11,AMD,250,164.16,Buy
01/19/2024,14:45:11,MSFT,250,394.30,Sell
01/19/2024,14:50:11,META,250,380.35,Buy
01/19/2024,14:57:11,AMD,250,164.08,Sell
01/19/2024,14:59:11,MSFT,250,395.04,Buy
01/19/2024,15:05:11,META,250,381.47,Sell
01/19/2024,15:10:11,AMD,250,162.55,Buy
01/19/2024,15:11:11,MSFT,250,394.37,Buy
01/19/2024,15:14:11,MSFT,250,394.46,Buy
01/19/2024,15:14:11,MSFT,250,394.52,Sell
01/19/2024,15:24:11,MSFT,250,394.67,Buy
01/19/2024,15:24:11,AMD,250,163.66,Buy
01/19/2024,15:25:11,AMD,250,164.20,Sell
01/19/2024,15:26:11,MSFT,250,394.98,Sell
01/19/2024,15:29:11,MSFT,250,394.92,Sell
01/19/2024,15:33:11,MSFT,250,394.43,Buy
01/19/2024,15:37:11,MSFT,250,394.35,Buy
01/19/2024,15:39:11,MSFT,250,394.02,Sell
01/19/2024,15:39:11,AMD,250,166.02,Sell
01/19/2024,15:47:11,AMD,250,166.57,Buy
01/19/2024,15:48:11,MSFT,250,394.76,Sell
01/19/2024,15:51:11,META,250,380.63,Buy
01/19/2024,15:52:11,MSFT,250,394.88,Sell
01/19/2024,16:00:11,AMD,250,166.94,Buy
01/19/2024,16:02:11,AMD,250,166.70,Sell
01/19/2024,16:06:11,META,250,381.59,Sell
01/19/2024,16:09:11,AMD,250,167.17,Buy
01/19/2024,16:12:11,AMD,250,167.61,Buy
01/19/2024,16:15:11,AMD,250,167.23,Sell
01/19/2024,16:18:11,AMD,250,166.90,Buy
01/19/2024,16:24:11,AMD,250,166.31,Sell
01/19/2024,16:27:11,AMD,250,166.37,Sell
01/19/2024,16:33:11,AMD,250,167.04,Sell
01/19/2024,16:35:11,AMD,250,166.89,Buy
01/19/2024,16:36:11,MSFT,250,395.23,Buy
01/19/2024,16:43:11,MSFT,250,394.90,Buy
01/19/2024,16:48:11,TSLA,250,207.83,Buy
01/19/2024,16:48:11,AMD,250,165.89,Buy
01/19/2024,16:49:11,AMD,250,166.11,Buy
01/19/2024,16:50:11,AMD,250,166.36,Sell
01/19/2024,16:51:11,MSFT,250,395.66,Sell
01/19/2024,16:57:11,MSFT,250,395.46,Buy
01/19/2024,16:58:11,MSFT,250,395.53,Sell
01/19/2024,17:00:11,MSFT,250,395.41,Buy
01/19/2024,17:03:11,TSLA,250,208.66,Sell
01/19/2024,17:03:11,AMD,250,167.51,Sell
01/19/2024,17:04:11,AMD,250,167.05,Sell
01/19/2024,17:05:11,MSFT,250,395.30,Buy
01/19/2024,17:12:11,MSFT,250,394.97,Sell
01/19/2024,17:15:11,MSFT,250,395.29,Sell
01/19/2024,17:20:10,MSFT,250,395.26,Sell
01/19/2024,17:27:11,MSFT,250,395.32,Buy
01/19/2024,17:30:11,MSFT,250,395.47,Buy
01/19/2024,17:42:11,MSFT,250,395.79,Sell
01/19/2024,17:45:11,MSFT,250,395.90,Sell
01/22/2024,14:45:11,AMD,250,169.30,Buy
01/22/2024,14:46:11,MSFT,250,396.70,Buy
01/22/2024,14:52:11,AMD,250,169.64,Buy
01/22/2024,15:00:11,AMD,250,169.32,Sell
01/22/2024,15:01:11,MSFT,250,397.37,Sell
01/22/2024,15:01:11,AMD,250,169.02,Buy
01/22/2024,15:05:11,AMD,250,168.29,Buy
01/22/2024,15:07:11,AMD,250,168.50,Sell
01/22/2024,15:10:11,MSFT,250,396.12,Buy
01/22/2024,15:16:11,AMD,250,169.07,Sell
01/22/2024,15:20:11,AMD,250,168.25,Sell
01/22/2024,15:25:11,MSFT,250,395.28,Sell
01/22/2024,15:32:11,AMD,250,165.48,Buy
01/22/2024,15:33:11,MSFT,250,394.13,Buy
01/22/2024,15:38:11,AMD,250,165.88,Buy
01/22/2024,15:42:11,TSLA,250,210.68,Buy
01/22/2024,15:44:11,META,250,384.74,Buy
01/22/2024,15:47:11,AMD,250,164.30,Buy
01/22/2024,15:47:11,AMD,250,164.33,Sell
01/22/2024,15:48:11,MSFT,250,394.77,Sell
01/22/2024,15:49:11,TSLA,250,209.38,Buy
01/22/2024,15:50:11,AMD,250,165.11,Buy
01/22/2024,15:53:11,AMD,250,165.56,Sell
01/22/2024,15:57:11,TSLA,250,210.07,Sell
01/22/2024,15:59:11,META,250,383.86,Sell
01/22/2024,16:02:11,AMD,250,164.69,Sell
01/22/2024,16:04:11,TSLA,250,210.15,Sell
01/22/2024,16:05:11,AMD,250,165.41,Sell
01/22/2024,16:12:11,TSLA,250,209.67,Buy
01/22/2024,16:27:11,TSLA,250,209.66,Sell
01/22/2024,16:46:11,GOOG,250,148.76,Buy
01/22/2024,17:01:11,GOOG,250,148.75,Sell
01/22/2024,17:11:11,AMD,250,166.88,Buy
01/22/2024,17:22:11,GOOG,250,148.56,Buy
01/22/2024,17:23:11,GOOG,250,148.53,Buy
01/22/2024,17:26:11,AMD,250,167.99,Sell
01/22/2024,17:28:11,AMD,250,167.88,Buy
01/22/2024,17:28:11,GOOG,250,148.46,Buy
01/22/2024,17:37:10,GOOG,250,148.60,Sell
01/22/2024,17:38:11,GOOG,250,148.68,Sell
01/22/2024,17:43:11,GOOG,250,148.65,Sell
01/22/2024,17:43:11,AMD,250,167.59,Sell
01/22/2024,17:47:11,AMD,250,167.61,Buy
01/22/2024,17:49:11,META,250,384.02,Buy
01/22/2024,18:02:11,AMD,250,167.09,Sell
01/22/2024,18:02:11,TSLA,250,209.11,Buy
01/22/2024,18:03:11,AMD,250,167.10,Buy
01/22/2024,18:04:10,META,250,382.66,Sell
01/22/2024,18:05:11,TSLA,250,208.57,Buy
01/22/2024,18:09:11,TSLA,250,208.70,Buy
01/22/2024,18:17:11,TSLA,250,208.11,Sell
01/22/2024,18:18:11,TSLA,250,208.10,Buy
01/22/2024,18:18:11,AMD,250,167.67,Sell
01/22/2024,18:20:11,TSLA,250,207.85,Sell
01/22/2024,18:24:11,TSLA,250,208.15,Sell
01/22/2024,18:33:11,TSLA,250,207.75,Sell
01/22/2024,18:36:10,META,250,382.52,Buy
01/22/2024,18:41:11,TSLA,250,208.23,Buy
01/22/2024,18:48:11,META,250,383.06,Buy
01/22/2024,18:51:11,META,250,382.98,Sell
01/22/2024,18:56:11,TSLA,250,208.85,Sell
01/22/2024,18:59:11,AMD,250,167.95,Buy
01/22/2024,19:03:11,META,250,383.04,Sell
01/22/2024,19:07:11,GOOG,250,148.63,Buy
01/22/2024,19:08:10,META,250,382.91,Buy
01/22/2024,19:10:11,META,250,382.80,Buy
01/22/2024,19:14:11,AMD,250,168.01,Sell
01/22/2024,19:18:11,META,250,382.42,Buy
01/22/2024,19:21:11,GOOG,250,148.44,Buy
01/22/2024,19:22:11,GOOG,250,148.44,Sell
01/22/2024,19:23:11,META,250,381.74,Sell
01/22/2024,19:25:11,META,250,381.71,Sell
01/22/2024,19:33:11,META,250,381.37,Buy
01/22/2024,19:33:11,META,250,381.42,Sell
01/22/2024,19:36:11,GOOG,250,148.48,Sell
01/22/2024,19:39:11,META,250,382.06,Buy
01/22/2024,19:46:11,TSLA,250,207.43,Buy
01/22/2024,19:48:11,META,250,381.95,Sell
01/22/2024,19:54:11,META,250,382.49,Sell
01/22/2024,20:00:11,META,250,382.47,Buy
01/22/2024,20:00:11,TSLA,250,207.27,Buy
01/22/2024,20:01:11,TSLA,250,207.12,Sell
01/22/2024,20:02:11,TSLA,250,207.09,Buy
01/22/2024,20:05:11,GOOG,250,148.47,Buy
01/22/2024,20:07:11,TSLA,250,207.20,Buy
01/22/2024,20:12:11,META,250,382.13,Buy
01/22/2024,20:15:11,META,250,382.36,Sell
01/22/2024,20:15:11,TSLA,250,208.44,Sell
01/22/2024,20:17:11,TSLA,250,208.53,Sell
01/22/2024,20:20:11,GOOG,250,148.41,Sell
01/22/2024,20:22:11,META,250,382.35,Buy
01/22/2024,20:22:11,TSLA,250,208.70,Sell
01/22/2024,20:27:11,META,250,382.53,Sell
01/22/2024,20:28:11,TSLA,250,209.06,Buy
01/22/2024,20:32:11,META,250,382.45,Buy
01/22/2024,20:37:10,META,250,382.63,Sell
01/22/2024,20:43:11,TSLA,250,208.97,Sell
01/22/2024,20:44:11,GOOG,250,148.24,Buy
01/22/2024,20:47:11,META,250,381.99,Sell
01/22/2024,20:48:11,META,250,381.76,Buy
01/22/2024,20:50:11,TSLA,250,208.85,Buy
01/22/2024,20:56:11,GOOG,250,147.65,Buy
01/22/2024,20:59:11,GOOG,250,147.62,Sell
01/22/2024,21:03:06,META,250,381.61,Sell
01/22/2024,21:05:06,TSLA,250,208.37,Sell
01/22/2024,21:10:46,GOOG,250,147.33,Sell
01/23/2024,14:30:11,GOOG,250,147.48,Buy
01/23/2024,14:31:11,AMZN,250,154.87,Buy
01/23/2024,14:36:11,META,250,383.76,Buy
01/23/2024,14:45:11,GOOG,250,148.11,Sell
01/23/2024,14:46:11,AMZN,250,154.20,Sell
01/23/2024,14:51:11,META,250,386.28,Sell
01/23/2024,15:03:11,TSLA,250,212.11,Buy
01/23/2024,15:18:11,TSLA,250,212.12,Sell
01/23/2024,15:25:11,TSLA,250,210.93,Buy
01/23/2024,15:34:11,TSLA,250,210.44,Buy
01/23/2024,15:38:11,TSLA,250,210.73,Buy
01/23/2024,15:40:11,TSLA,250,211.33,Sell
01/23/2024,15:45:10,TSLA,250,210.86,Buy
01/23/2024,15:49:11,TSLA,250,211.12,Sell
01/23/2024,15:53:11,TSLA,250,210.41,Sell
01/23/2024,15:54:11,TSLA,250,210.21,Buy
01/23/2024,16:00:11,TSLA,250,211.07,Sell
01/23/2024,16:09:11,TSLA,250,211.60,Sell
01/23/2024,16:23:11,META,250,385.82,Buy
01/23/2024,16:38:11,META,250,385.00,Sell
01/23/2024,16:52:11,TSLA,250,209.40,Buy
01/23/2024,17:07:11,TSLA,250,209.40,Sell
01/23/2024,17:15:11,TSLA,250,209.22,Buy
01/23/2024,17:18:11,TSLA,250,209.16,Buy
01/23/2024,17:29:11,TSLA,250,208.84,Buy
01/23/2024,17:30:11,TSLA,250,208.89,Sell
01/23/2024,17:33:11,TSLA,250,208.83,Sell
01/23/2024,17:36:11,TSLA,250,208.76,Buy
01/23/2024,17:42:11,TSLA,250,208.74,Buy
01/23/2024,17:44:11,TSLA,250,208.66,Sell
01/23/2024,17:51:11,TSLA,250,209.12,Sell
01/23/2024,17:57:11,TSLA,250,209.51,Sell
01/23/2024,18:01:11,TSLA,250,209.35,Buy
01/23/2024,18:12:11,TSLA,250,209.01,Buy
01/23/2024,18:16:11,TSLA,250,208.90,Buy
01/23/2024,18:16:11,TSLA,250,208.93,Sell
01/23/2024,18:27:11,TSLA,250,208.46,Sell
01/23/2024,18:31:11,TSLA,250,208.27,Buy
01/23/2024,18:31:11,TSLA,250,208.29,Sell
01/23/2024,18:38:11,META,250,383.02,Buy
01/23/2024,18:40:11,TSLA,250,208.05,Buy
01/23/2024,18:42:11,META,250,383.27,Buy
01/23/2024,18:43:11,TSLA,250,208.04,Buy
01/23/2024,18:46:11,TSLA,250,208.39,Sell
01/23/2024,18:48:11,TSLA,250,208.46,Buy
01/23/2024,18:53:11,META,250,384.33,Sell
01/23/2024,18:55:11,TSLA,250,208.54,Sell
01/23/2024,18:57:11,META,250,383.89,Sell
01/23/2024,18:58:11,META,250,383.97,Buy
01/23/2024,18:58:11,TSLA,250,208.45,Sell
01/23/2024,19:02:11,TSLA,250,208.61,Buy
01/23/2024,19:03:11,TSLA,250,208.89,Sell
01/23/2024,19:04:11,META,250,383.93,Buy
01/23/2024,19:06:11,META,250,383.55,Buy
01/23/2024,19:10:11,TSLA,250,208.87,Buy
01/23/2024,19:13:11,META,250,383.75,Sell
01/23/2024,19:17:11,TSLA,250,208.81,Sell
01/23/2024,19:18:11,META,250,383.23,Buy
01/23/2024,19:18:11,TSLA,250,208.80,Buy
01/23/2024,19:19:10,META,250,383.42,Sell
01/23/2024,19:21:11,META,250,383.48,Sell
01/23/2024,19:23:11,META,250,383.38,Buy
01/23/2024,19:25:11,TSLA,250,208.76,Sell
01/23/2024,19:32:11,META,250,382.78,Buy
01/23/2024,19:33:11,TSLA,250,208.53,Buy
01/23/2024,19:33:11,TSLA,250,208.54,Sell
01/23/2024,19:33:11,META,250,382.51,Sell
01/23/2024,19:38:11,META,250,382.55,Sell
01/23/2024,19:44:11,TSLA,250,208.56,Buy
01/23/2024,19:47:11,META,250,382.71,Sell
01/23/2024,19:48:11,TSLA,250,208.62,Sell
01/23/2024,19:52:11,TSLA,250,208.58,Buy
01/23/2024,19:59:11,TSLA,250,208.81,Sell
01/23/2024,20:07:11,TSLA,250,209.13,Sell
01/23/2024,20:15:11,TSLA,250,209.38,Buy
01/23/2024,20:19:11,META,250,384.11,Buy
01/23/2024,20:21:11,TSLA,250,209.62,Buy
01/23/2024,20:25:11,TSLA,250,209.15,Buy
01/23/2024,20:30:11,TSLA,250,209.17,Sell
01/23/2024,20:34:11,META,250,384.82,Sell
01/23/2024,20:36:11,TSLA,250,209.00,Sell
01/23/2024,20:40:11,TSLA,250,208.62,Buy
01/23/2024,20:40:11,TSLA,250,208.64,Sell
01/23/2024,20:42:11,TSLA,250,208.60,Buy
01/23/2024,20:55:11,TSLA,250,209.11,Sell
01/23/2024,20:57:11,TSLA,250,209.05,Sell
01/24/2024,14:30:11,GOOG,250,150.44,Buy
01/24/2024,14:33:11,META,250,389.49,Buy
01/24/2024,14:40:11,META,250,389.06,Buy
01/24/2024,14:45:11,GOOG,250,150.29,Sell
01/24/2024,14:48:11,META,250,391.78,Sell
01/24/2024,14:55:10,META,250,391.79,Sell
01/24/2024,15:00:11,TSLA,250,209.23,Buy
01/24/2024,15:11:11,AMD,250,175.75,Buy
01/24/2024,15:15:11,TSLA,250,210.90,Sell
01/24/2024,15:16:11,AMD,250,176.16,Buy
01/24/2024,15:25:11,AMD,250,176.02,Buy
01/24/2024,15:26:11,AMD,250,176.28,Sell
01/24/2024,15:31:11,AMD,250,176.04,Sell
01/24/2024,15:39:11,AMD,250,177.39,Buy
01/24/2024,15:40:11,AMD,250,177.60,Sell
01/24/2024,15:54:11,AMD,250,177.05,Sell
01/24/2024,16:09:11,MSFT,250,402.82,Buy
01/24/2024,16:09:11,AMD,250,177.36,Buy
01/24/2024,16:14:11,MSFT,250,402.70,Buy
01/24/2024,16:16:11,META,250,392.03,Buy
01/24/2024,16:24:11,MSFT,250,403.39,Sell
01/24/2024,16:24:11,AMD,250,177.96,Sell
01/24/2024,16:29:11,MSFT,250,403.57,Sell
01/24/2024,16:31:11,META,250,392.13,Sell
01/24/2024,16:45:11,TSLA,250,210.05,Buy
01/24/2024,17:00:11,TSLA,250,211.50,Sell
01/24/2024,17:01:11,MSFT,250,404.13,Buy
01/24/2024,17:16:11,MSFT,250,404.40,Sell
01/24/2024,18:16:11,TSLA,250,210.21,Buy
01/24/2024,18:31:11,TSLA,250,210.99,Sell
01/24/2024,19:35:11,MSFT,250,402.72,Buy
01/24/2024,19:50:11,MSFT,250,403.66,Sell
01/24/2024,20:11:11,TSLA,250,208.82,Buy
01/24/2024,20:26:11,TSLA,250,207.43,Sell
01/24/2024,20:28:11,TSLA,250,207.07,Buy
01/24/2024,20:41:11,TSLA,250,207.88,Buy
01/24/2024,20:43:11,TSLA,250,207.99,Sell
01/24/2024,20:56:11,TSLA,250,207.79,Sell
01/24/2024,20:59:11,TSLA,250,207.54,Buy
01/24/2024,21:14:11,TSLA,250,203.62,Sell
01/25/2024,14:30:11,MSFT,250,403.89,Buy
01/25/2024,14:31:11,TSLA,250,189.30,Buy
01/25/2024,14:32:11,GOOG,250,151.64,Buy
01/25/2024,14:38:11,TSLA,250,187.61,Buy
01/25/2024,14:43:11,TSLA,250,189.00,Buy
01/25/2024,14:45:11,MSFT,250,404.23,Sell
01/25/2024,14:46:11,TSLA,250,188.32,Sell
01/25/2024,14:47:11,GOOG,250,151.89,Sell
01/25/2024,14:47:11,META,250,391.40,Buy
01/25/2024,14:47:11,TSLA,250,188.41,Buy
01/25/2024,14:53:11,TSLA,250,188.85,Sell
01/25/2024,14:58:11,TSLA,250,188.95,Sell
01/25/2024,14:59:11,TSLA,250,189.10,Buy
01/25/2024,15:01:11,AMD,250,179.38,Buy
01/25/2024,15:02:11,TSLA,250,190.06,Sell
01/25/2024,15:02:11,META,250,392.98,Sell
01/25/2024,15:13:11,TSLA,250,187.05,Buy
01/25/2024,15:14:11,TSLA,250,186.81,Sell
01/25/2024,15:16:11,AMD,250,182.53,Sell
01/25/2024,15:18:11,TSLA,250,186.27,Buy
01/25/2024,15:28:11,TSLA,250,186.98,Sell
01/25/2024,15:33:11,TSLA,250,187.09,Sell
01/25/2024,15:51:11,TSLA,250,186.19,Buy
01/25/2024,16:06:11,TSLA,250,185.29,Buy
01/25/2024,16:06:11,TSLA,250,185.32,Sell
01/25/2024,16:21:11,TSLA,250,185.87,Sell
01/25/2024,16:32:11,TSLA,250,186.24,Buy
01/25/2024,16:35:11,TSLA,250,186.06,Buy
01/25/2024,16:47:11,TSLA,250,185.65,Sell
01/25/2024,16:50:11,TSLA,250,185.32,Sell
01/25/2024,16:52:11,TSLA,250,185.40,Buy
01/25/2024,17:00:11,TSLA,250,184.30,Buy
01/25/2024,17:07:11,TSLA,250,183.40,Sell
01/25/2024,17:11:11,TSLA,250,183.26,Buy
01/25/2024,17:15:11,TSLA,250,182.92,Buy
01/25/2024,17:15:11,TSLA,250,182.95,Sell
01/25/2024,17:26:11,TSLA,250,181.65,Sell
01/25/2024,17:27:11,TSLA,250,181.79,Buy
01/25/2024,17:30:11,TSLA,250,181.11,Sell
01/25/2024,17:42:11,TSLA,250,180.94,Sell
01/25/2024,17:53:11,TSLA,250,181.31,Buy
01/25/2024,18:07:11,TSLA,250,181.50,Buy
01/25/2024,18:08:11,TSLA,250,181.60,Sell
01/25/2024,18:22:11,TSLA,250,181.21,Sell
01/25/2024,18:50:11,TSLA,250,182.30,Buy
01/25/2024,18:57:11,TSLA,250,181.48,Buy
01/25/2024,18:59:11,AMD,250,178.65,Buy
01/25/2024,19:02:11,MSFT,250,403.36,Buy
01/25/2024,19:03:11,TSLA,250,180.56,Buy
01/25/2024,19:04:11,AMD,250,178.34,Buy
01/25/2024,19:05:11,TSLA,250,180.65,Sell
01/25/2024,19:11:11,MSFT,250,403.00,Buy
01/25/2024,19:12:11,TSLA,250,180.96,Sell
01/25/2024,19:14:11,AMD,250,178.65,Sell
01/25/2024,19:17:11,MSFT,250,403.00,Sell
01/25/2024,19:17:11,TSLA,250,181.17,Buy
01/25/2024,19:18:11,TSLA,250,181.37,Sell
01/25/2024,19:19:11,AMD,250,178.86,Sell
01/25/2024,19:23:11,MSFT,250,403.36,Buy
01/25/2024,19:25:11,TSLA,250,181.10,Buy
01/25/2024,19:26:11,MSFT,250,403.17,Sell
01/25/2024,19:32:11,TSLA,250,181.61,Sell
01/25/2024,19:36:11,TSLA,250,181.83,Buy
01/25/2024,19:38:11,MSFT,250,402.58,Sell
01/25/2024,19:40:11,TSLA,250,181.91,Sell
01/25/2024,19:45:11,TSLA,250,181.79,Buy
01/25/2024,19:51:11,TSLA,250,181.68,Sell
01/25/2024,20:00:11,TSLA,250,182.94,Sell
01/25/2024,20:02:11,MSFT,250,403.57,Buy
01/25/2024,20:06:11,AMD,250,180.55,Buy
01/25/2024,20:16:11,TSLA,250,182.05,Buy
01/25/2024,20:16:11,AMD,250,179.94,Buy
01/25/2024,20:17:11,MSFT,250,403.75,Sell
01/25/2024,20:21:11,AMD,250,180.19,Sell
01/25/2024,20:22:10,TSLA,250,182.36,Buy
01/25/2024,20:31:11,AMD,250,179.95,Sell
01/25/2024,20:31:11,TSLA,250,182.58,Sell
01/25/2024,20:36:11,AMD,250,180.69,Buy
01/25/2024,20:37:11,TSLA,250,182.75,Sell
01/25/2024,20:39:11,MSFT,250,403.78,Buy
01/25/2024,20:51:11,AMD,250,180.67,Sell
01/25/2024,20:53:11,AMD,250,180.43,Buy
01/25/2024,20:54:11,MSFT,250,404.50,Sell
01/25/2024,20:54:11,TSLA,250,182.84,Buy
01/25/2024,20:58:11,TSLA,250,182.70,Buy
01/25/2024,21:08:11,AMD,250,178.40,Sell
01/25/2024,21:09:11,TSLA,250,182.35,Sell
01/25/2024,21:13:11,TSLA,250,182.43,Sell
01/26/2024,15:33:11,AMD,250,179.95,Buy
01/26/2024,15:42:11,TSLA,250,185.06,Buy
01/26/2024,15:48:11,AMD,250,178.93,Sell
01/26/2024,15:57:11,TSLA,250,184.77,Sell
01/26/2024,15:58:11,AMZN,250,158.99,Buy
01/26/2024,16:03:11,AMZN,250,158.96,Buy
01/26/2024,16:13:11,AMZN,250,158.88,Sell
01/26/2024,16:18:11,AMZN,250,158.98,Sell
01/26/2024,16:21:11,TSLA,250,183.95,Buy
01/26/2024,16:30:10,TSLA,250,184.01,Buy
01/26/2024,16:36:11,TSLA,250,184.89,Sell
01/26/2024,16:45:11,TSLA,250,184.25,Sell
01/26/2024,17:02:11,TSLA,250,184.51,Buy
01/26/2024,17:17:11,TSLA,250,184.27,Sell
01/26/2024,17:22:11,AMZN,250,160.27,Buy
01/26/2024,17:37:11,AMZN,250,159.55,Sell
01/26/2024,18:02:11,TSLA,250,183.17,Buy
01/26/2024,18:05:11,TSLA,250,182.92,Buy
01/26/2024,18:14:10,TSLA,250,182.86,Buy
01/26/2024,18:17:11,TSLA,250,182.81,Sell
01/26/2024,18:20:11,TSLA,250,182.85,Sell
01/26/2024,18:21:11,TSLA,250,182.94,Buy
01/26/2024,18:22:11,TSLA,250,182.90,Buy
01/26/2024,18:29:11,TSLA,250,183.30,Sell
01/26/2024,18:34:10,TSLA,250,183.09,Buy
01/26/2024,18:36:11,TSLA,250,182.94,Sell
01/26/2024,18:37:11,TSLA,250,182.93,Sell
01/26/2024,18:48:11,TSLA,250,182.40,Buy
01/26/2024,18:49:11,TSLA,250,182.44,Sell
01/26/2024,19:03:11,TSLA,250,182.55,Sell
01/26/2024,19:09:11,TSLA,250,182.48,Buy
01/26/2024,19:14:11,TSLA,250,182.45,Buy
01/26/2024,19:17:11,TSLA,250,182.44,Buy
01/26/2024,19:24:11,TSLA,250,182.30,Sell
01/26/2024,19:29:11,TSLA,250,182.30,Sell
01/26/2024,19:32:11,TSLA,250,182.42,Sell
01/26/2024,19:44:11,TSLA,250,182.99,Buy
01/26/2024,19:47:11,TSLA,250,182.92,Buy
01/26/2024,19:55:11,TSLA,250,183.05,Buy
01/26/2024,19:59:11,TSLA,250,183.26,Sell
01/26/2024,20:02:11,TSLA,250,183.01,Sell
01/26/2024,20:04:11,TSLA,250,182.96,Buy
01/26/2024,20:06:11,TSLA,250,183.12,Buy
01/26/2024,20:10:11,TSLA,250,182.87,Sell
01/26/2024,20:12:11,TSLA,250,182.90,Buy
01/26/2024,20:19:09,TSLA,250,183.17,Sell
01/26/2024,20:21:10,TSLA,250,182.81,Sell
01/26/2024,20:27:11,TSLA,250,182.45,Sell
01/26/2024,20:42:11,TSLA,250,182.73,Buy
01/26/2024,20:50:11,TSLA,250,183.13,Buy
01/26/2024,20:54:11,TSLA,250,183.08,Buy
01/26/2024,20:57:11,TSLA,250,183.37,Sell
01/26/2024,21:05:11,TSLA,250,183.10,Sell
01/26/2024,21:09:11,TSLA,250,183.28,Sell
01/29/2024,14:30:11,AMZN,250,159.41,Buy
01/29/2024,14:31:11,GOOG,250,153.01,Buy
01/29/2024,14:32:11,MSFT,250,404.76,Buy
01/29/2024,14:33:11,MSFT,250,404.84,Buy
01/29/2024,14:34:11,AMZN,250,159.20,Buy
01/29/2024,14:42:11,TSLA,250,185.40,Buy
01/29/2024,14:45:11,AMZN,250,159.28,Sell
01/29/2024,14:46:11,GOOG,250,154.10,Sell
01/29/2024,14:47:11,MSFT,250,407.27,Sell
01/29/2024,14:48:11,MSFT,250,406.98,Sell
01/29/2024,14:49:11,AMZN,250,159.11,Sell
01/29/2024,14:50:11,TSLA,250,184.93,Buy
01/29/2024,14:57:11,TSLA,250,183.96,Sell
01/29/2024,14:58:11,TSLA,250,183.86,Buy
01/29/2024,15:05:11,TSLA,250,184.26,Sell
01/29/2024,15:13:11,TSLA,250,185.93,Sell
01/29/2024,15:22:11,MSFT,250,406.58,Buy
01/29/2024,15:23:11,TSLA,250,184.94,Buy
01/29/2024,15:26:11,TSLA,250,184.58,Buy
01/29/2024,15:30:11,META,250,400.10,Buy
01/29/2024,15:37:11,MSFT,250,405.81,Sell
01/29/2024,15:38:11,MSFT,250,405.93,Buy
01/29/2024,15:38:11,TSLA,250,186.12,Sell
01/29/2024,15:41:11,TSLA,250,187.66,Sell
01/29/2024,15:45:11,META,250,398.47,Sell
01/29/2024,15:46:11,TSLA,250,188.39,Buy
01/29/2024,15:49:11,MSFT,250,405.87,Buy
01/29/2024,15:50:11,TSLA,250,188.06,Buy
01/29/2024,15:53:11,MSFT,250,405.91,Sell
01/29/2024,16:01:11,TSLA,250,187.57,Sell
01/29/2024,16:04:11,MSFT,250,406.49,Sell
01/29/2024,16:05:11,TSLA,250,188.33,Sell
01/29/2024,16:17:11,TSLA,250,189.59,Buy
01/29/2024,16:21:10,META,250,398.05,Buy
01/29/2024,16:24:11,MSFT,250,406.06,Buy
01/29/2024,16:24:11,AMD,250,175.05,Buy
01/29/2024,16:32:11,TSLA,250,190.37,Sell
01/29/2024,16:36:11,META,250,399.00,Sell
01/29/2024,16:39:10,AMD,250,175.69,Sell
01/29/2024,16:39:11,MSFT,250,407.38,Sell
01/29/2024,16:45:11,TSLA,250,189.27,Buy
01/29/2024,16:45:11,AAPL,250,190.47,Buy
01/29/2024,17:00:10,TSLA,250,189.43,Sell
01/29/2024,17:00:11,AAPL,250,190.83,Sell
01/29/2024,17:03:11,TSLA,250,188.79,Buy
01/29/2024,17:09:11,TSLA,250,188.67,Buy
01/29/2024,17:18:11,TSLA,250,188.14,Buy
01/29/2024,17:18:11,TSLA,250,188.17,Sell
01/29/2024,17:24:11,TSLA,250,188.49,Sell
01/29/2024,17:27:11,TSLA,250,187.86,Buy
01/29/2024,17:29:10,AMD,250,176.97,Buy
01/29/2024,17:33:11,TSLA,250,187.80,Sell
01/29/2024,17:34:11,TSLA,250,188.11,Buy
01/29/2024,17:36:11,AMD,250,177.00,Buy
01/29/2024,17:40:11,AMD,250,176.97,Buy
01/29/2024,17:42:11,TSLA,250,188.26,Sell
01/29/2024,17:44:11,AMD,250,176.70,Sell
01/29/2024,17:49:11,TSLA,250,187.74,Sell
01/29/2024,17:51:11,AMD,250,176.92,Sell
01/29/2024,17:55:11,AMD,250,176.58,Sell
01/30/2024,14:30:11,GOOG,250,153.99,Buy
01/30/2024,14:33:11,MSFT,250,410.67,Buy
01/30/2024,14:36:11,MSFT,250,410.97,Buy
01/30/2024,14:43:11,MSFT,250,411.81,Buy
01/30/2024,14:45:11,GOOG,250,154.81,Sell
01/30/2024,14:48:10,MSFT,250,411.49,Sell
01/30/2024,14:51:11,MSFT,250,411.45,Sell
01/30/2024,14:54:11,MSFT,250,411.07,Buy
01/30/2024,14:58:11,MSFT,250,410.37,Sell
01/30/2024,14:59:10,MSFT,250,410.37,Buy
01/30/2024,15:03:11,MSFT,250,410.07,Buy
01/30/2024,15:09:11,MSFT,250,410.10,Sell
01/30/2024,15:14:11,MSFT,250,410.42,Sell
01/30/2024,15:18:11,MSFT,250,410.36,Sell
01/30/2024,15:47:11,MSFT,250,409.44,Buy
01/30/2024,16:02:11,MSFT,250,410.06,Sell
01/30/2024,16:15:11,TSLA,250,192.91,Buy
01/30/2024,16:30:11,TSLA,250,193.28,Sell
01/30/2024,16:31:11,MSFT,250,410.30,Buy
01/30/2024,16:43:11,MSFT,250,409.88,Buy
01/30/2024,16:45:11,MSFT,250,409.73,Buy
01/30/2024,16:46:11,MSFT,250,409.78,Sell
01/30/2024,16:58:11,MSFT,250,409.80,Sell
01/30/2024,17:00:11,MSFT,250,409.79,Sell
01/30/2024,17:12:11,MSFT,250,409.73,Buy
01/30/2024,17:18:11,MSFT,250,408.93,Buy
01/30/2024,17:20:11,MSFT,250,408.71,Buy
01/30/2024,17:27:11,MSFT,250,407.99,Sell
01/30/2024,17:28:11,TSLA,250,191.62,Buy
01/30/2024,17:32:11,MSFT,250,407.29,Buy
01/30/2024,17:33:10,MSFT,250,407.15,Sell
01/30/2024,17:34:11,TSLA,250,191.40,Buy
01/30/2024,17:35:11,MSFT,250,406.50,Sell
01/30/2024,17:43:11,TSLA,250,191.06,Sell
01/30/2024,17:45:11,MSFT,250,407.30,Buy
01/30/2024,17:46:11,TSLA,250,190.99,Buy
01/30/2024,17:47:11,MSFT,250,407.25,Sell
01/30/2024,17:49:11,MSFT,250,407.14,Buy
01/30/2024,17:49:11,TSLA,250,191.22,Sell
01/30/2024,17:55:11,TSLA,250,191.03,Buy
01/30/2024,18:00:11,MSFT,250,407.10,Sell
01/30/2024,18:01:11,TSLA,250,191.41,Sell
01/30/2024,18:03:11,MSFT,250,406.92,Buy
01/30/2024,18:04:11,MSFT,250,407.09,Sell
01/30/2024,18:08:11,TSLA,250,190.84,Buy
01/30/2024,18:09:11,TSLA,250,190.76,Buy
01/30/2024,18:10:11,TSLA,250,190.95,Sell
01/30/2024,18:18:11,MSFT,250,408.10,Sell
01/30/2024,18:23:11,TSLA,250,191.85,Sell
01/30/2024,18:24:11,TSLA,250,191.64,Sell
01/30/2024,18:25:11,MSFT,250,407.95,Buy
01/30/2024,18:25:11,TSLA,250,191.81,Buy
01/30/2024,18:27:11,MSFT,250,407.95,Buy
01/30/2024,18:31:11,MSFT,250,408.04,Buy
01/30/2024,18:37:11,TSLA,250,191.71,Buy
01/30/2024,18:40:11,MSFT,250,408.12,Sell
01/30/2024,18:40:11,TSLA,250,192.11,Sell
01/30/2024,18:42:11,MSFT,250,408.08,Sell
01/30/2024,18:46:11,MSFT,250,407.69,Sell
01/30/2024,18:47:11,TSLA,250,191.67,Buy
01/30/2024,18:48:11,MSFT,250,407.75,Buy
01/30/2024,18:52:11,TSLA,250,192.12,Sell
01/30/2024,18:53:11,MSFT,250,407.55,Buy
01/30/2024,18:59:11,MSFT,250,408.10,Buy
01/30/2024,19:00:11,TSLA,250,191.51,Buy
01/30/2024,19:02:11,TSLA,250,191.38,Sell
01/30/2024,19:03:11,MSFT,250,408.04,Sell
01/30/2024,19:08:11,MSFT,250,407.70,Sell
01/30/2024,19:13:11,TSLA,250,191.52,Buy
01/30/2024,19:14:11,MSFT,250,407.73,Sell
01/30/2024,19:15:11,TSLA,250,191.66,Sell
01/30/2024,19:20:11,MSFT,250,407.83,Buy
01/30/2024,19:26:11,TSLA,250,191.81,Buy
01/30/2024,19:28:11,TSLA,250,191.71,Buy
01/30/2024,19:28:11,TSLA,250,191.73,Sell
01/30/2024,19:29:11,MSFT,250,408.13,Buy
01/30/2024,19:35:11,MSFT,250,408.11,Sell
01/30/2024,19:37:11,MSFT,250,407.97,Buy
01/30/2024,19:41:11,TSLA,250,191.69,Sell
01/30/2024,19:43:11,TSLA,250,191.65,Sell
01/30/2024,19:44:11,MSFT,250,408.19,Sell
01/30/2024,19:52:11,MSFT,250,408.10,Buy
01/30/2024,19:52:11,MSFT,250,408.13,Sell
01/30/2024,19:53:11,TSLA,250,192.02,Buy
01/30/2024,19:59:11,TSLA,250,192.13,Buy
01/30/2024,20:02:11,MSFT,250,408.13,Buy
01/30/2024,20:02:11,TSLA,250,192.20,Buy
01/30/2024,20:07:11,MSFT,250,407.83,Buy
01/30/2024,20:07:11,MSFT,250,407.86,Sell
01/30/2024,20:08:11,TSLA,250,192.09,Sell
01/30/2024,20:11:11,TSLA,250,192.05,Buy
01/30/2024,20:14:11,TSLA,250,192.02,Sell
01/30/2024,20:17:11,TSLA,250,192.10,Sell
01/30/2024,20:17:11,MSFT,250,408.31,Sell
01/30/2024,20:22:11,MSFT,250,408.59,Sell
01/30/2024,20:26:11,TSLA,250,191.97,Sell
01/30/2024,20:33:11,TSLA,250,191.91,Buy
01/30/2024,20:35:11,TSLA,250,191.65,Buy
01/30/2024,20:36:11,TSLA,250,191.66,Buy
01/30/2024,20:48:11,TSLA,250,191.89,Sell
01/30/2024,20:50:11,TSLA,250,192.11,Sell
01/30/2024,20:51:11,TSLA,250,192.08,Sell
01/30/2024,20:52:11,MSFT,250,409.20,Buy
01/30/2024,21:07:11,MSFT,250,405.50,Sell
01/31/2024,14:34:11,GOOG,250,145.02,Buy
01/31/2024,14:44:11,GOOG,250,143.43,Buy
01/31/2024,14:49:11,GOOG,250,142.98,Buy
01/31/2024,14:49:11,GOOG,250,143.00,Sell
01/31/2024,14:59:11,GOOG,250,144.43,Sell
01/31/2024,15:03:11,GOOG,250,144.38,Buy
01/31/2024,15:04:11,GOOG,250,144.30,Sell
01/31/2024,15:07:11,GOOG,250,144.37,Buy
01/31/2024,15:13:11,GOOG,250,143.80,Buy
01/31/2024,15:18:11,GOOG,250,143.65,Sell
01/31/2024,15:22:11,GOOG,250,143.79,Sell
01/31/2024,15:23:11,MSFT,250,403.52,Buy
01/31/2024,15:28:11,GOOG,250,143.86,Sell
01/31/2024,15:30:11,GOOG,250,143.75,Buy
01/31/2024,15:38:11,MSFT,250,402.93,Sell
01/31/2024,15:38:11,GOOG,250,143.36,Buy
01/31/2024,15:40:11,GOOG,250,143.35,Buy
01/31/2024,15:45:11,GOOG,250,143.36,Sell
01/31/2024,15:51:11,GOOG,250,143.24,Buy
01/31/2024,15:53:11,GOOG,250,142.98,Sell
01/31/2024,15:55:11,GOOG,250,143.15,Sell
01/31/2024,16:06:11,GOOG,250,143.43,Buy
01/31/2024,16:06:11,GOOG,250,143.44,Sell
01/31/2024,16:07:11,GOOG,250,143.49,Buy
01/31/2024,16:21:11,GOOG,250,143.63,Sell
01/31/2024,16:22:11,GOOG,250,143.78,Sell
01/31/2024,16:24:11,GOOG,250,143.66,Buy
01/31/2024,16:39:11,GOOG,250,143.89,Sell
01/31/2024,16:47:11,GOOG,250,143.63,Buy
01/31/2024,16:50:11,MSFT,250,402.88,Buy
01/31/2024,16:54:11,MSFT,250,402.35,Buy
01/31/2024,16:54:11,GOOG,250,143.07,Buy
01/31/2024,17:02:11,GOOG,250,143.41,Sell
01/31/2024,17:05:11,GOOG,250,143.43,Buy
01/31/2024,17:05:11,MSFT,250,403.34,Sell
01/31/2024,17:06:11,MSFT,250,403.04,Buy
01/31/2024,17:08:11,MSFT,250,403.15,Buy
01/31/2024,17:09:11,MSFT,250,403.18,Sell
01/31/2024,17:09:11,GOOG,250,143.58,Sell
01/31/2024,17:13:11,GOOG,250,143.46,Buy
01/31/2024,17:15:11,MSFT,250,402.52,Buy
01/31/2024,17:20:11,GOOG,250,143.30,Sell
01/31/2024,17:21:11,GOOG,250,143.29,Buy
01/31/2024,17:21:11,MSFT,250,402.49,Sell
01/31/2024,17:23:11,MSFT,250,402.38,Buy
01/31/2024,17:23:11,MSFT,250,402.42,Sell
01/31/2024,17:28:10,GOOG,250,142.80,Sell
01/31/2024,17:30:11,GOOG,250,142.85,Buy
01/31/2024,17:30:11,MSFT,250,402.29,Sell
01/31/2024,17:36:11,GOOG,250,142.61,Sell
01/31/2024,17:38:11,MSFT,250,402.21,Sell
01/31/2024,17:42:11,MSFT,250,402.11,Buy
01/31/2024,17:45:11,GOOG,250,142.69,Sell
01/31/2024,17:49:11,MSFT,250,401.50,Buy
01/31/2024,17:51:11,GOOG,250,142.59,Buy
01/31/2024,17:54:10,GOOG,250,142.40,Buy
01/31/2024,17:57:11,MSFT,250,402.04,Sell
01/31/2024,17:58:11,MSFT,250,402.13,Buy
01/31/2024,18:01:11,MSFT,250,402.51,Buy
01/31/2024,18:04:11,MSFT,250,403.03,Sell
01/31/2024,18:06:11,GOOG,250,142.84,Sell
01/31/2024,18:09:10,GOOG,250,142.95,Sell
01/31/2024,18:12:09,MSFT,250,402.65,Buy
01/31/2024,18:13:11,MSFT,250,402.65,Sell
01/31/2024,18:15:11,GOOG,250,143.05,Buy
01/31/2024,18:16:11,MSFT,250,403.41,Sell
01/31/2024,18:16:11,GOOG,250,143.04,Buy
01/31/2024,18:19:11,GOOG,250,143.00,Buy
01/31/2024,18:23:11,MSFT,250,403.31,Buy
01/31/2024,18:27:11,MSFT,250,403.26,Sell
01/31/2024,18:28:11,MSFT,250,403.22,Buy
01/31/2024,18:30:11,GOOG,250,142.95,Sell
01/31/2024,18:31:11,GOOG,250,143.06,Sell
01/31/2024,18:34:11,MSFT,250,403.24,Buy
01/31/2024,18:34:11,GOOG,250,143.30,Sell
01/31/2024,18:38:11,MSFT,250,402.73,Sell
01/31/2024,18:43:11,GOOG,250,143.30,Buy
01/31/2024,18:43:11,MSFT,250,402.40,Sell
01/31/2024,18:49:11,MSFT,250,402.86,Sell
01/31/2024,18:52:11,MSFT,250,402.71,Buy
01/31/2024,18:56:11,MSFT,250,402.44,Buy
01/31/2024,18:58:11,GOOG,250,143.56,Sell
01/31/2024,19:03:11,GOOG,250,142.89,Buy
01/31/2024,19:06:11,MSFT,250,402.07,Buy
01/31/2024,19:07:11,MSFT,250,401.53,Sell
01/31/2024,19:08:11,GOOG,250,143.18,Buy
01/31/2024,19:10:11,GOOG,250,143.07,Buy
01/31/2024,19:11:11,MSFT,250,402.27,Sell
01/31/2024,19:18:11,GOOG,250,143.21,Sell
01/31/2024,19:21:11,MSFT,250,401.37,Sell
01/31/2024,19:23:11,GOOG,250,142.94,Sell
01/31/2024,19:25:11,GOOG,250,143.04,Sell
01/31/2024,19:30:11,GOOG,250,143.09,Buy
01/31/2024,19:44:11,MSFT,250,403.30,Buy
01/31/2024,19:45:11,GOOG,250,143.78,Sell
01/31/2024,19:49:11,GOOG,250,143.94,Buy
01/31/2024,19:52:11,GOOG,250,143.71,Buy
01/31/2024,19:54:11,MSFT,250,403.02,Buy
01/31/2024,19:59:11,MSFT,250,402.89,Sell
01/31/2024,20:04:11,GOOG,250,142.67,Sell
01/31/2024,20:07:11,GOOG,250,142.44,Buy
01/31/2024,20:07:11,GOOG,250,142.45,Sell
01/31/2024,20:09:11,MSFT,250,401.39,Sell
01/31/2024,20:13:11,MSFT,250,400.84,Buy
01/31/2024,20:16:11,MSFT,250,401.44,Buy
01/31/2024,20:18:11,GOOG,250,142.64,Buy
01/31/2024,20:22:11,GOOG,250,142.73,Sell
01/31/2024,20:28:11,MSFT,250,400.58,Sell
01/31/2024,20:30:11,MSFT,250,400.37,Buy
01/31/2024,20:31:11,MSFT,250,399.80,Sell
01/31/2024,20:33:11,GOOG,250,142.11,Sell
01/31/2024,20:34:11,MSFT,250,399.23,Buy
01/31/2024,20:37:11,MSFT,250,398.70,Buy
01/31/2024,20:45:11,MSFT,250,398.84,Sell
01/31/2024,20:46:11,GOOG,250,141.94,Buy
01/31/2024,20:49:11,MSFT,250,398.74,Sell
01/31/2024,20:52:11,MSFT,250,397.72,Sell
01/31/2024,21:01:11,GOOG,250,141.87,Sell
02/01/2024,14:31:11,MSFT,250,402.20,Buy
02/01/2024,14:31:11,TSLA,250,188.24,Buy
02/01/2024,14:46:11,MSFT,250,405.79,Sell
02/01/2024,14:46:11,TSLA,250,188.83,Sell
02/01/2024,14:58:11,AMD,250,167.17,Buy
02/01/2024,15:13:11,AMD,250,167.16,Sell
02/01/2024,15:52:11,TSLA,250,185.23,Buy
02/01/2024,15:58:11,MSFT,250,403.78,Buy
02/01/2024,16:02:11,MSFT,250,403.70,Buy
02/01/2024,16:06:11,META,250,397.00,Buy
02/01/2024,16:06:11,AMD,250,166.43,Buy
02/01/2024,16:07:11,TSLA,250,184.98,Sell
02/01/2024,16:09:11,MSFT,250,403.11,Buy
02/01/2024,16:13:11,MSFT,250,402.94,Sell
02/01/2024,16:14:11,AMD,250,166.93,Buy
02/01/2024,16:17:11,MSFT,250,402.85,Sell
02/01/2024,16:19:11,META,250,396.66,Buy
02/01/2024,16:21:10,META,250,396.90,Sell
02/01/2024,16:21:11,AMD,250,166.95,Sell
02/01/2024,16:24:11,MSFT,250,403.77,Sell
02/01/2024,16:29:11,AMD,250,166.91,Sell
02/01/2024,16:33:11,GOOG,250,143.15,Buy
02/01/2024,16:33:11,META,250,396.32,Buy
02/01/2024,16:34:10,META,250,396.21,Sell
02/01/2024,16:38:11,GOOG,250,142.99,Buy
02/01/2024,16:42:11,META,250,395.81,Buy
02/01/2024,16:48:11,GOOG,250,143.00,Sell
02/01/2024,16:48:11,META,250,396.26,Sell
02/01/2024,16:53:11,GOOG,250,142.91,Sell
02/01/2024,16:57:11,META,250,395.82,Sell
02/01/2024,17:39:11,TSLA,250,186.30,Buy
02/01/2024,17:42:10,META,250,394.06,Buy
02/01/2024,17:44:11,MSFT,250,402.92,Buy
02/01/2024,17:54:11,TSLA,250,187.72,Sell
02/01/2024,17:57:11,META,250,396.09,Sell
02/01/2024,17:59:11,META,250,395.51,Buy
02/01/2024,17:59:11,MSFT,250,403.91,Sell
02/01/2024,18:01:11,META,250,395.57,Buy
02/01/2024,18:04:11,META,250,395.34,Buy
02/01/2024,18:14:11,META,250,396.10,Sell
02/01/2024,18:16:11,META,250,395.98,Sell
02/01/2024,18:19:11,META,250,396.05,Sell
02/01/2024,18:22:11,GOOG,250,142.74,Buy
02/01/2024,18:25:11,GOOG,250,142.63,Buy
02/01/2024,18:25:11,META,250,395.30,Buy
02/01/2024,18:29:11,GOOG,250,142.63,Buy
02/01/2024,18:37:11,GOOG,250,142.54,Sell
02/01/2024,18:39:11,META,250,395.17,Buy
02/01/2024,18:40:11,GOOG,250,142.41,Sell
02/01/2024,18:40:11,META,250,395.22,Sell
02/01/2024,18:44:11,META,250,395.03,Buy
02/01/2024,18:44:11,GOOG,250,142.44,Sell
02/01/2024,18:51:10,META,250,395.36,Buy
02/01/2024,18:54:11,META,250,395.05,Sell
02/01/2024,18:59:11,META,250,393.82,Sell
02/01/2024,19:04:11,META,250,393.87,Buy
02/01/2024,19:04:11,GOOG,250,142.36,Buy
02/01/2024,19:06:09,META,250,394.66,Sell
02/01/2024,19:19:11,META,250,394.65,Sell
02/01/2024,19:19:11,GOOG,250,142.77,Sell
02/01/2024,19:25:11,META,250,395.39,Buy
02/01/2024,19:33:11,META,250,395.23,Buy
02/01/2024,19:40:11,META,250,395.07,Sell
02/01/2024,19:48:11,META,250,396.25,Sell
02/01/2024,20:20:11,META,250,396.14,Buy
02/01/2024,20:30:11,META,250,396.41,Buy
02/01/2024,20:35:11,META,250,396.55,Buy
02/01/2024,20:35:11,META,250,396.58,Sell
02/01/2024,20:37:11,META,250,396.80,Buy
02/01/2024,20:45:11,META,250,395.85,Sell
02/01/2024,20:47:11,META,250,395.86,Buy
02/01/2024,20:49:11,GOOG,250,142.67,Buy
02/01/2024,20:50:11,META,250,394.93,Sell
02/01/2024,20:52:11,META,250,394.72,Buy
02/01/2024,20:52:11,META,250,394.76,Sell
02/01/2024,20:54:11,META,250,394.63,Buy
02/01/2024,21:02:10,META,250,394.75,Sell
02/01/2024,21:04:09,GOOG,250,142.56,Sell
02/01/2024,21:07:11,META,250,424.90,Sell
02/01/2024,21:09:11,META,250,430.15,Sell
02/02/2024,14:33:11,AMD,250,173.75,Buy
02/02/2024,14:34:11,AMZN,250,168.50,Buy
02/02/2024,14:37:11,MSFT,250,407.48,Buy
02/02/2024,14:39:11,TSLA,250,184.81,Buy
02/02/2024,14:41:11,TSLA,250,184.50,Buy
02/02/2024,14:42:11,MSFT,250,407.62,Buy
02/02/2024,14:48:11,AMD,250,177.90,Sell
02/02/2024,14:49:11,AMZN,250,170.08,Sell
02/02/2024,14:51:11,META,250,470.02,Buy
02/02/2024,14:52:11,MSFT,250,407.38,Sell
02/02/2024,14:52:11,GOOG,250,139.52,Buy
02/02/2024,14:53:11,TSLA,250,185.06,Buy
02/02/2024,14:53:11,MSFT,250,406.80,Buy
02/02/2024,14:54:11,TSLA,250,184.94,Sell
02/02/2024,14:54:11,GOOG,250,138.93,Buy
02/02/2024,14:56:11,TSLA,250,184.26,Sell
02/02/2024,14:57:11,TSLA,250,184.60,Buy
02/02/2024,14:57:11,MSFT,250,407.90,Sell
02/02/2024,15:01:11,TSLA,250,184.02,Buy
02/02/2024,15:06:11,META,250,473.74,Sell
02/02/2024,15:07:11,GOOG,250,139.66,Sell
02/02/2024,15:08:11,TSLA,250,183.31,Sell
02/02/2024,15:08:11,MSFT,250,409.43,Sell
02/02/2024,15:09:11,GOOG,250,139.87,Sell
02/02/2024,15:12:11,TSLA,250,182.73,Sell
02/02/2024,15:16:11,TSLA,250,183.59,Sell
02/02/2024,15:25:11,META,250,475.28,Buy
02/02/2024,15:28:11,AMZN,250,169.61,Buy
02/02/2024,15:33:11,MSFT,250,406.93,Buy
02/02/2024,15:39:11,MSFT,250,407.51,Buy
02/02/2024,15:40:11,META,250,477.42,Sell
02/02/2024,15:43:11,AMZN,250,169.82,Sell
02/02/2024,15:48:11,MSFT,250,408.87,Sell
02/02/2024,15:51:11,MSFT,250,408.47,Buy
02/02/2024,15:54:11,MSFT,250,408.39,Sell
02/02/2024,16:04:11,AMD,250,174.54,Buy
02/02/2024,16:04:11,MSFT,250,407.71,Buy
02/02/2024,16:06:11,META,250,476.92,Buy
02/02/2024,16:06:11,AMD,250,174.19,Buy
02/02/2024,16:06:11,MSFT,250,408.21,Sell
02/02/2024,16:10:11,META,250,476.75,Buy
02/02/2024,16:10:11,AMD,250,174.97,Buy
02/02/2024,16:15:11,MSFT,250,408.06,Buy
02/02/2024,16:17:11,MSFT,250,407.81,Buy
02/02/2024,16:19:11,MSFT,250,407.64,Sell
02/02/2024,16:19:11,AMD,250,175.20,Sell
02/02/2024,16:21:11,META,250,475.25,Sell
02/02/2024,16:21:11,AMD,250,175.57,Sell
02/02/2024,16:22:11,MSFT,250,407.54,Buy
02/02/2024,16:25:11,AMD,250,175.89,Sell
02/02/2024,16:25:11,META,250,476.33,Sell
02/02/2024,16:30:11,MSFT,250,408.15,Sell
02/02/2024,16:32:11,MSFT,250,408.12,Sell
02/02/2024,16:37:11,MSFT,250,408.94,Sell
02/02/2024,16:51:11,TSLA,250,182.66,Buy
02/02/2024,17:06:11,TSLA,250,183.15,Sell
02/02/2024,17:38:11,TSLA,250,183.01,Buy
02/02/2024,17:53:11,TSLA,250,183.03,Sell
02/05/2024,14:45:11,META,250,462.97,Buy
02/05/2024,14:56:11,META,250,462.19,Buy
02/05/2024,15:00:11,META,250,461.38,Sell
02/05/2024,15:06:11,META,250,460.55,Buy
02/05/2024,15:11:11,META,250,462.14,Sell
02/05/2024,15:21:11,META,250,460.88,Sell
02/05/2024,16:59:11,AMZN,250,169.26,Buy
02/05/2024,17:14:11,AMZN,250,169.83,Sell
02/05/2024,18:26:11,META,250,460.76,Buy
02/05/2024,18:31:11,META,250,460.94,Buy
02/05/2024,18:35:11,META,250,461.21,Buy
02/05/2024,18:41:10,META,250,461.20,Sell
02/05/2024,18:46:11,META,250,461.34,Sell
02/05/2024,18:50:11,META,250,461.42,Sell
02/05/2024,19:24:11,META,250,462.30,Buy
02/05/2024,19:24:11,GOOG,250,144.97,Buy
02/05/2024,19:39:11,META,250,463.49,Sell
02/05/2024,19:39:11,GOOG,250,145.35,Sell
02/05/2024,20:24:11,META,250,464.51,Buy
02/05/2024,20:39:11,META,250,463.79,Sell
02/05/2024,20:59:11,META,250,460.24,Buy
02/05/2024,21:14:07,META,250,458.90,Sell
02/06/2024,14:30:11,AAPL,250,187.41,Buy
02/06/2024,14:45:11,AAPL,250,188.32,Sell
02/06/2024,15:12:11,META,250,455.20,Buy
02/06/2024,15:27:11,META,250,455.97,Sell
02/06/2024,15:32:11,META,250,455.15,Buy
02/06/2024,15:47:11,META,250,455.97,Sell
02/06/2024,17:48:10,META,250,457.87,Buy
02/06/2024,17:54:11,META,250,457.83,Buy
02/06/2024,17:56:10,META,250,457.89,Buy
02/06/2024,18:03:11,META,250,458.05,Sell
02/06/2024,18:09:11,META,250,458.27,Sell
02/06/2024,18:11:11,META,250,457.55,Sell
02/06/2024,18:30:09,META,250,457.34,Buy
02/06/2024,18:37:10,META,250,456.80,Buy
02/06/2024,18:43:11,META,250,456.17,Buy
02/06/2024,18:45:11,META,250,457.19,Sell
02/06/2024,18:52:11,META,250,457.35,Sell
02/06/2024,18:58:10,META,250,457.56,Sell
02/06/2024,19:08:11,META,250,456.98,Buy
02/06/2024,19:19:11,META,250,457.25,Buy
02/06/2024,19:23:11,META,250,457.56,Sell
02/06/2024,19:27:11,META,250,457.15,Buy
02/06/2024,19:34:11,META,250,457.13,Sell
02/06/2024,19:42:11,META,250,457.05,Sell
02/06/2024,20:05:11,META,250,456.76,Buy
02/06/2024,20:10:10,META,250,456.61,Buy
02/06/2024,20:13:11,META,250,456.66,Buy
02/06/2024,20:20:11,META,250,455.72,Sell
02/06/2024,20:25:11,META,250,455.32,Sell
02/06/2024,20:28:11,META,250,455.34,Sell
02/06/2024,20:32:11,META,250,454.99,Buy
02/06/2024,20:35:11,META,250,454.70,Buy
02/06/2024,20:47:11,META,250,455.66,Sell
02/06/2024,20:50:11,META,250,455.48,Sell
02/07/2024,14:56:11,TSLA,250,185.20,Buy
02/07/2024,14:58:11,TSLA,250,184.83,Buy
02/07/2024,15:00:11,TSLA,250,184.67,Buy
02/07/2024,15:11:11,TSLA,250,184.25,Sell
02/07/2024,15:13:11,TSLA,250,185.10,Sell
02/07/2024,15:15:11,TSLA,250,184.86,Sell
02/07/2024,15:16:11,TSLA,250,185.15,Buy
02/07/2024,15:31:11,TSLA,250,186.21,Sell
02/07/2024,16:02:11,TSLA,250,185.82,Buy
02/07/2024,16:02:11,META,250,466.61,Buy
02/07/2024,16:17:11,TSLA,250,186.78,Sell
02/07/2024,16:17:11,META,250,467.62,Sell
02/07/2024,16:36:11,AMD,250,169.64,Buy
02/07/2024,16:43:11,TSLA,250,186.94,Buy
02/07/2024,16:51:11,AMD,250,170.06,Sell
02/07/2024,16:58:11,META,250,469.91,Buy
02/07/2024,16:58:11,TSLA,250,186.92,Buy
02/07/2024,16:58:11,TSLA,250,186.95,Sell
02/07/2024,17:13:11,META,250,469.91,Sell
02/07/2024,17:13:11,TSLA,250,186.72,Sell
02/07/2024,17:27:11,AMD,250,169.40,Buy
02/07/2024,17:42:11,AMD,250,169.42,Sell
02/08/2024,14:31:11,TSLA,250,187.60,Buy
02/08/2024,14:34:11,AMZN,250,169.33,Buy
02/08/2024,14:46:11,META,250,466.21,Buy
02/08/2024,14:46:11,TSLA,250,185.92,Sell
02/08/2024,14:49:11,AMZN,250,170.39,Sell
02/08/2024,14:59:11,TSLA,250,188.08,Buy
02/08/2024,15:01:11,META,250,467.66,Sell
02/08/2024,15:02:11,TSLA,250,187.73,Buy
02/08/2024,15:06:11,MSFT,250,413.11,Buy
02/08/2024,15:14:11,TSLA,250,188.78,Sell
02/08/2024,15:17:11,TSLA,250,188.82,Sell
02/08/2024,15:18:11,TSLA,250,188.78,Buy
02/08/2024,15:21:11,MSFT,250,414.40,Sell
02/08/2024,15:33:11,TSLA,250,188.82,Sell
02/09/2024,14:30:11,MSFT,250,416.22,Buy
02/09/2024,14:45:11,MSFT,250,416.76,Sell
02/09/2024,16:26:11,TSLA,250,190.94,Buy
02/09/2024,16:26:11,AMD,250,172.01,Buy
02/09/2024,16:37:11,AMD,250,171.57,Buy
02/09/2024,16:38:11,TSLA,250,190.74,Buy
02/09/2024,16:41:11,AMD,250,171.87,Sell
02/09/2024,16:41:11,TSLA,250,190.86,Sell
02/09/2024,16:52:10,AMD,250,172.21,Sell
02/09/2024,16:53:11,TSLA,250,191.30,Sell
02/09/2024,17:12:11,AMD,250,171.23,Buy
02/09/2024,17:27:11,AMD,250,171.46,Sell
02/09/2024,17:28:11,META,250,470.46,Buy
02/09/2024,17:43:11,META,250,470.23,Sell
02/09/2024,17:44:11,TSLA,250,191.45,Buy
02/09/2024,17:59:11,TSLA,250,192.72,Sell
02/09/2024,18:03:08,META,250,468.46,Buy
02/09/2024,18:18:11,META,250,467.82,Sell
02/12/2024,14:30:11,AMD,250,172.53,Buy
02/12/2024,14:31:11,AMD,250,172.20,Buy
02/12/2024,14:32:11,META,250,467.47,Buy
02/12/2024,14:33:11,META,250,468.24,Buy
02/12/2024,14:45:11,AMD,250,174.07,Sell
02/12/2024,14:46:11,AMD,250,173.86,Sell
02/12/2024,14:47:11,META,250,472.00,Sell
02/12/2024,14:48:11,META,250,472.12,Sell
02/12/2024,15:31:11,META,250,475.03,Buy
02/12/2024,15:46:11,META,250,476.74,Sell
02/12/2024,16:08:11,META,250,475.43,Buy
02/12/2024,16:14:11,META,250,475.49,Buy
02/12/2024,16:17:11,META,250,475.68,Buy
02/12/2024,16:23:11,META,250,476.09,Sell
02/12/2024,16:29:11,META,250,477.18,Sell
02/12/2024,16:32:11,META,250,478.85,Sell
02/12/2024,17:28:11,TSLA,250,188.05,Buy
02/12/2024,17:43:11,TSLA,250,189.07,Sell
02/12/2024,19:01:10,META,250,470.64,Buy
02/12/2024,19:16:11,META,250,469.28,Sell
02/12/2024,19:18:11,AMD,250,171.30,Buy
02/12/2024,19:20:11,TSLA,250,187.41,Buy
02/12/2024,19:21:11,META,250,467.40,Buy
02/12/2024,19:29:11,META,250,468.34,Buy
02/12/2024,19:33:11,AMD,250,172.10,Sell
02/12/2024,19:35:11,TSLA,250,188.23,Sell
02/12/2024,19:36:11,META,250,469.13,Sell
02/12/2024,19:37:11,AMD,250,172.09,Buy
02/12/2024,19:44:11,META,250,469.68,Sell
02/12/2024,19:52:11,AMD,250,172.00,Sell
02/12/2024,20:00:11,TSLA,250,187.71,Buy
02/12/2024,20:08:10,META,250,470.01,Buy
02/12/2024,20:14:11,TSLA,250,188.22,Buy
02/12/2024,20:15:11,TSLA,250,188.19,Sell
02/12/2024,20:20:11,META,250,470.71,Buy
02/12/2024,20:23:10,META,250,470.71,Sell
02/12/2024,20:29:11,TSLA,250,188.60,Sell
02/12/2024,20:35:11,META,250,469.96,Buy
02/12/2024,20:35:11,META,250,470.04,Sell
02/12/2024,20:36:11,TSLA,250,188.37,Buy
02/12/2024,20:41:10,META,250,469.22,Buy
02/12/2024,20:43:11,TSLA,250,188.09,Buy
02/12/2024,20:44:11,META,250,469.06,Buy
02/12/2024,20:50:11,META,250,469.35,Sell
02/12/2024,20:51:11,TSLA,250,188.51,Buy
02/12/2024,20:51:11,TSLA,250,188.52,Sell
02/12/2024,20:53:11,TSLA,250,188.46,Buy
02/12/2024,20:56:11,META,250,469.23,Sell
02/12/2024,20:58:11,TSLA,250,188.10,Sell
02/12/2024,20:59:11,META,250,468.58,Sell
02/12/2024,21:06:09,TSLA,250,188.18,Sell
02/12/2024,21:07:58,TSLA,250,188.22,Sell
02/13/2024,14:30:11,META,250,455.37,Buy
02/13/2024,14:34:11,AMZN,250,167.17,Buy
02/13/2024,14:45:11,META,250,460.81,Sell
02/13/2024,14:46:11,META,250,461.06,Buy
02/13/2024,14:49:11,MSFT,250,406.01,Buy
02/13/2024,14:49:11,AMZN,250,169.39,Sell
02/13/2024,14:53:11,MSFT,250,405.51,Buy
02/13/2024,15:01:11,META,250,463.09,Sell
02/13/2024,15:04:11,MSFT,250,406.38,Sell
02/13/2024,15:06:11,MSFT,250,406.83,Buy
02/13/2024,15:08:11,MSFT,250,407.01,Sell
02/13/2024,15:21:11,MSFT,250,407.95,Sell
02/14/2024,14:32:11,TSLA,250,185.53,Buy
02/14/2024,14:45:11,TSLA,250,183.63,Buy
02/14/2024,14:47:11,TSLA,250,183.51,Buy
02/14/2024,14:47:11,TSLA,250,183.53,Sell
02/14/2024,15:00:11,TSLA,250,184.68,Sell
02/14/2024,15:02:11,TSLA,250,183.90,Sell
02/14/2024,15:40:11,TSLA,250,185.59,Buy
02/14/2024,15:55:11,TSLA,250,184.91,Sell
02/14/2024,16:03:11,META,250,466.53,Buy
02/14/2024,16:12:11,AMD,250,175.29,Buy
02/14/2024,16:13:11,META,250,467.18,Buy
02/14/2024,16:18:11,META,250,466.72,Sell
02/14/2024,16:21:11,TSLA,250,184.77,Buy
02/14/2024,16:27:11,AMD,250,175.40,Sell
02/14/2024,16:28:11,META,250,468.24,Sell
02/14/2024,16:36:11,TSLA,250,185.59,Sell
02/14/2024,16:45:11,MSFT,250,405.77,Buy
02/14/2024,17:00:11,MSFT,250,405.40,Sell
02/14/2024,17:26:10,AAPL,250,182.63,Buy
02/14/2024,17:34:11,MSFT,250,407.47,Buy
02/14/2024,17:41:11,TSLA,250,185.55,Buy
02/14/2024,17:41:11,AAPL,250,182.64,Sell
02/14/2024,17:49:11,MSFT,250,407.19,Sell
02/14/2024,17:56:11,TSLA,250,186.21,Sell
02/14/2024,18:25:11,MSFT,250,406.61,Buy
02/14/2024,18:29:11,MSFT,250,406.63,Buy
02/14/2024,18:40:11,MSFT,250,407.74,Sell
02/14/2024,18:44:11,MSFT,250,407.70,Sell
02/15/2024,14:34:11,META,250,475.82,Buy
02/15/2024,14:38:11,META,250,474.38,Buy
02/15/2024,14:40:11,TSLA,250,192.28,Buy
02/15/2024,14:46:11,TSLA,250,192.77,Buy
02/15/2024,14:49:11,META,250,475.10,Sell
02/15/2024,14:50:11,META,250,475.99,Buy
02/15/2024,14:53:11,META,250,476.43,Sell
02/15/2024,14:55:11,TSLA,250,192.13,Sell
02/15/2024,14:56:11,TSLA,250,192.41,Buy
02/15/2024,15:01:11,TSLA,250,193.00,Sell
02/15/2024,15:05:11,META,250,476.15,Sell
02/15/2024,15:11:11,TSLA,250,194.33,Sell
02/15/2024,15:15:11,TSLA,250,193.94,Buy
02/15/2024,15:20:11,TSLA,250,194.13,Buy
02/15/2024,15:23:11,META,250,478.22,Buy
02/15/2024,15:29:11,TSLA,250,195.07,Buy
02/15/2024,15:30:11,TSLA,250,195.25,Sell
02/15/2024,15:30:11,META,250,478.66,Buy
02/15/2024,15:35:11,TSLA,250,194.43,Sell
02/15/2024,15:37:11,META,250,478.44,Buy
02/15/2024,15:38:11,META,250,479.44,Sell
02/15/2024,15:44:11,TSLA,250,193.71,Buy
02/15/2024,15:44:11,TSLA,250,193.74,Sell
02/15/2024,15:45:11,META,250,480.39,Sell
02/15/2024,15:46:11,META,250,479.99,Buy
02/15/2024,15:48:11,TSLA,250,193.92,Buy
02/15/2024,15:52:11,META,250,480.73,Sell
02/15/2024,15:59:11,TSLA,250,193.16,Sell
02/15/2024,16:01:10,META,250,481.33,Sell
02/15/2024,16:01:11,TSLA,250,193.06,Buy
02/15/2024,16:03:11,TSLA,250,193.03,Sell
02/15/2024,16:06:11,TSLA,250,193.12,Buy
02/15/2024,16:06:11,META,250,479.84,Buy
02/15/2024,16:16:11,TSLA,250,193.18,Sell
02/15/2024,16:18:11,TSLA,250,193.16,Buy
02/15/2024,16:19:11,META,250,480.69,Buy
02/15/2024,16:21:11,TSLA,250,193.43,Sell
02/15/2024,16:21:11,META,250,482.23,Sell
02/15/2024,16:33:11,TSLA,250,193.73,Sell
02/15/2024,16:34:11,META,250,485.82,Sell
02/15/2024,16:36:11,TSLA,250,193.85,Buy
02/15/2024,16:51:11,TSLA,250,194.08,Sell
02/15/2024,17:04:11,TSLA,250,195.21,Buy
02/15/2024,17:18:11,TSLA,250,195.72,Buy
02/15/2024,17:19:11,TSLA,250,196.08,Sell
02/15/2024,17:33:11,TSLA,250,195.93,Sell
02/15/2024,17:39:11,TSLA,250,196.16,Buy
02/15/2024,17:53:11,TSLA,250,195.74,Buy
02/15/2024,17:54:11,TSLA,250,195.75,Sell
02/15/2024,18:08:11,TSLA,250,196.34,Sell
02/15/2024,19:14:11,MSFT,250,405.05,Buy
02/15/2024,19:29:11,MSFT,250,405.63,Sell
02/16/2024,14:30:11,MSFT,250,407.41,Buy
02/16/2024,14:33:11,META,250,476.56,Buy
02/16/2024,14:34:11,META,250,477.72,Buy
02/16/2024,14:45:11,MSFT,250,405.24,Sell
02/16/2024,14:48:11,META,250,476.44,Sell
02/16/2024,14:49:11,META,250,475.57,Sell
02/16/2024,14:53:11,TSLA,250,199.30,Buy
02/16/2024,14:54:11,META,250,473.03,Buy
02/16/2024,14:55:11,TSLA,250,198.46,Buy
02/16/2024,14:57:11,TSLA,250,198.16,Buy
02/16/2024,15:03:11,AMD,250,174.13,Buy
02/16/2024,15:03:11,META,250,471.66,Buy
02/16/2024,15:08:11,TSLA,250,199.47,Sell
02/16/2024,15:09:11,META,250,470.87,Sell
02/16/2024,15:10:11,TSLA,250,199.09,Sell
02/16/2024,15:12:11,TSLA,250,199.03,Sell
02/16/2024,15:18:11,META,250,471.70,Sell
02/16/2024,15:18:11,AMD,250,174.98,Sell
02/16/2024,15:35:11,AMD,250,173.70,Buy
02/16/2024,15:50:11,AMD,250,174.92,Sell
02/16/2024,15:59:11,AMD,250,174.65,Buy
02/16/2024,16:14:11,AMD,250,176.30,Sell
02/16/2024,17:22:11,TSLA,250,200.13,Buy
02/16/2024,17:37:11,TSLA,250,200.64,Sell
02/16/2024,17:42:11,META,250,473.19,Buy
02/16/2024,17:46:11,META,250,472.40,Buy
02/16/2024,17:57:11,META,250,472.08,Sell
02/16/2024,18:00:11,TSLA,250,200.02,Buy
02/16/2024,18:01:11,META,250,471.66,Sell
02/16/2024,18:03:11,TSLA,250,199.53,Buy
02/16/2024,18:14:11,AMD,250,174.71,Buy
02/16/2024,18:14:11,TSLA,250,198.43,Buy
02/16/2024,18:15:11,TSLA,250,198.63,Sell
02/16/2024,18:18:11,TSLA,250,198.79,Sell
02/16/2024,18:19:11,META,250,471.65,Buy
02/16/2024,18:29:11,AMD,250,174.93,Sell
02/16/2024,18:29:11,TSLA,250,199.50,Sell
02/16/2024,18:30:11,TSLA,250,199.38,Buy
02/16/2024,18:34:09,META,250,473.01,Buy
02/16/2024,18:34:09,META,250,473.10,Sell
02/16/2024,18:34:11,TSLA,250,198.89,Buy
02/16/2024,18:37:11,META,250,473.34,Buy
02/16/2024,18:43:11,TSLA,250,199.64,Buy
02/16/2024,18:45:11,TSLA,250,199.80,Sell
02/16/2024,18:49:10,META,250,474.50,Sell
02/16/2024,18:49:11,TSLA,250,199.63,Buy
02/16/2024,18:49:11,TSLA,250,199.65,Sell
02/16/2024,18:50:11,TSLA,250,199.65,Buy
02/16/2024,18:52:11,META,250,474.59,Sell
02/16/2024,18:58:11,TSLA,250,199.44,Sell
02/16/2024,19:04:11,TSLA,250,200.39,Sell
02/16/2024,19:05:11,TSLA,250,200.23,Sell
02/16/2024,19:35:11,TSLA,250,200.72,Buy
02/16/2024,19:38:11,TSLA,250,200.56,Buy
02/16/2024,19:49:11,AMD,250,174.53,Buy
02/16/2024,19:50:11,TSLA,250,199.64,Sell
02/16/2024,19:52:11,AMD,250,174.21,Buy
02/16/2024,19:53:11,TSLA,250,199.93,Sell
02/16/2024,19:54:11,MSFT,250,404.60,Buy
02/16/2024,19:55:11,AMD,250,174.07,Buy
02/16/2024,20:03:11,TSLA,250,200.53,Buy
02/16/2024,20:04:11,AMD,250,174.31,Sell
02/16/2024,20:07:11,AMD,250,174.28,Sell
02/16/2024,20:08:11,AMD,250,174.30,Buy
02/16/2024,20:09:11,MSFT,250,404.57,Sell
02/16/2024,20:10:11,META,250,472.50,Buy
02/16/2024,20:10:11,AMD,250,174.35,Buy
02/16/2024,20:10:11,AMD,250,174.37,Sell
02/16/2024,20:13:11,TSLA,250,200.11,Buy
02/16/2024,20:18:11,TSLA,250,199.99,Sell
02/16/2024,20:23:11,AMD,250,174.64,Sell
02/16/2024,20:25:11,META,250,474.05,Sell
02/16/2024,20:25:11,AMD,250,174.71,Sell
02/16/2024,20:28:11,TSLA,250,200.24,Sell
02/16/2024,20:37:11,TSLA,250,199.89,Buy
02/16/2024,20:41:11,AMD,250,173.73,Buy
02/16/2024,20:43:11,AMD,250,173.65,Buy
02/16/2024,20:52:11,TSLA,250,199.93,Sell
02/16/2024,20:56:11,AMD,250,174.20,Sell
02/16/2024,20:58:11,AMD,250,174.04,Sell
02/20/2024,15:24:11,META,250,468.50,Buy
02/20/2024,15:27:11,META,250,468.64,Buy
02/20/2024,15:39:11,META,250,467.76,Sell
02/20/2024,15:42:11,META,250,468.84,Sell
02/20/2024,16:59:11,META,250,469.33,Buy
02/20/2024,17:13:11,TSLA,250,190.04,Buy
02/20/2024,17:14:11,META,250,468.24,Sell
02/20/2024,17:21:11,TSLA,250,189.68,Buy
02/20/2024,17:24:11,TSLA,250,189.40,Buy
02/20/2024,17:25:11,META,250,467.09,Buy
02/20/2024,17:28:11,TSLA,250,189.62,Sell
02/20/2024,17:36:11,TSLA,250,190.18,Sell
02/20/2024,17:39:11,TSLA,250,189.48,Sell
02/20/2024,17:40:11,META,250,467.63,Sell
02/20/2024,17:51:11,TSLA,250,189.45,Buy
02/20/2024,17:57:11,TSLA,250,189.66,Buy
02/20/2024,18:01:11,TSLA,250,189.65,Buy
02/20/2024,18:05:11,META,250,467.54,Buy
02/20/2024,18:06:11,TSLA,250,190.13,Sell
02/20/2024,18:08:11,META,250,467.78,Buy
02/20/2024,18:12:11,TSLA,250,190.44,Sell
02/20/2024,18:16:11,TSLA,250,190.19,Sell
02/20/2024,18:20:11,META,250,467.98,Sell
02/20/2024,18:23:11,META,250,468.43,Sell
02/20/2024,18:37:11,META,250,467.52,Buy
02/20/2024,18:37:11,TSLA,250,190.30,Buy
02/20/2024,18:51:11,META,250,468.23,Buy
02/20/2024,18:52:10,META,250,468.49,Sell
02/20/2024,18:52:11,TSLA,250,191.23,Sell
02/20/2024,19:06:11,META,250,468.77,Sell
02/20/2024,20:02:11,META,250,469.84,Buy
02/20/2024,20:17:11,META,250,470.29,Sell
02/21/2024,14:31:11,MSFT,250,399.32,Buy
02/21/2024,14:31:11,GOOG,250,142.23,Buy
02/21/2024,14:33:11,GOOG,250,142.32,Buy
02/21/2024,14:46:11,GOOG,250,142.13,Sell
02/21/2024,14:46:11,MSFT,250,397.65,Buy
02/21/2024,14:46:11,MSFT,250,397.70,Sell
02/21/2024,14:48:11,MSFT,250,397.52,Buy
02/21/2024,14:48:11,GOOG,250,142.12,Sell
02/21/2024,14:49:11,MSFT,250,397.67,Buy
02/21/2024,15:01:11,MSFT,250,399.31,Sell
02/21/2024,15:03:11,MSFT,250,399.72,Sell
02/21/2024,15:04:11,MSFT,250,399.99,Sell
02/21/2024,15:47:11,TSLA,250,195.89,Buy
02/21/2024,15:55:11,TSLA,250,195.45,Buy
02/21/2024,15:59:11,TSLA,250,195.02,Buy
02/21/2024,16:02:11,TSLA,250,194.87,Sell
02/21/2024,16:04:11,TSLA,250,194.63,Buy
02/21/2024,16:10:11,TSLA,250,194.68,Sell
02/21/2024,16:14:11,TSLA,250,194.85,Sell
02/21/2024,16:19:11,TSLA,250,194.79,Sell
02/21/2024,16:43:11,AMZN,250,168.06,Buy
02/21/2024,16:58:11,AMZN,250,168.56,Sell
02/21/2024,17:02:11,TSLA,250,193.17,Buy
02/21/2024,17:12:11,TSLA,250,193.09,Buy
02/21/2024,17:14:11,AMZN,250,167.63,Buy
02/21/2024,17:17:11,TSLA,250,192.81,Sell
02/21/2024,17:22:11,TSLA,250,192.86,Buy
02/21/2024,17:27:11,TSLA,250,193.07,Sell
02/21/2024,17:29:11,AMZN,250,167.74,Sell
02/21/2024,17:31:11,TSLA,250,193.19,Buy
02/21/2024,17:35:11,TSLA,250,192.73,Buy
02/21/2024,17:37:11,TSLA,250,192.95,Sell
02/21/2024,17:46:11,TSLA,250,193.25,Sell
02/21/2024,17:49:11,TSLA,250,193.30,Buy
02/21/2024,17:50:11,TSLA,250,193.44,Sell
02/21/2024,18:04:11,AMZN,250,167.49,Buy
02/21/2024,18:04:11,TSLA,250,192.20,Sell
02/21/2024,18:19:11,AMZN,250,168.09,Sell
02/21/2024,18:35:11,TSLA,250,192.77,Buy
02/21/2024,18:48:11,TSLA,250,193.52,Buy
02/21/2024,18:48:11,AMZN,250,168.39,Buy
02/21/2024,18:50:11,TSLA,250,193.83,Sell
02/21/2024,18:51:11,AMZN,250,168.34,Buy
02/21/2024,19:03:11,TSLA,250,193.61,Sell
02/21/2024,19:03:11,AMZN,250,168.05,Sell
02/21/2024,19:05:11,TSLA,250,194.17,Buy
02/21/2024,19:06:11,AMZN,250,168.34,Sell
02/21/2024,19:20:11,TSLA,250,193.95,Sell
02/21/2024,19:26:11,TSLA,250,193.07,Buy
02/21/2024,19:27:11,TSLA,250,193.21,Buy
02/21/2024,19:35:11,TSLA,250,193.39,Buy
02/21/2024,19:41:11,TSLA,250,192.81,Sell
02/21/2024,19:42:11,TSLA,250,192.88,Sell
02/21/2024,19:44:11,AMZN,250,167.24,Buy
02/21/2024,19:48:10,META,250,463.46,Buy
02/21/2024,19:48:11,TSLA,250,192.43,Buy
02/21/2024,19:50:11,TSLA,250,192.65,Sell
02/21/2024,19:52:11,TSLA,250,192.72,Buy
02/21/2024,19:59:11,AMZN,250,167.68,Sell
02/21/2024,20:01:10,META,250,464.15,Buy
02/21/2024,20:02:11,TSLA,250,192.85,Buy
02/21/2024,20:03:11,META,250,464.45,Sell
02/21/2024,20:03:11,TSLA,250,192.76,Sell
02/21/2024,20:07:11,TSLA,250,192.99,Sell
02/21/2024,20:16:11,META,250,464.49,Sell
02/21/2024,20:17:11,TSLA,250,192.63,Sell
02/21/2024,20:37:11,TSLA,250,194.25,Buy
02/21/2024,20:50:11,TSLA,250,194.05,Buy
02/21/2024,20:52:11,TSLA,250,194.27,Sell
02/21/2024,20:55:11,TSLA,250,194.55,Buy
02/21/2024,21:05:10,TSLA,250,194.50,Sell
02/21/2024,21:10:11,TSLA,250,194.40,Sell
02/22/2024,14:31:11,META,250,477.93,Buy
02/22/2024,14:33:11,AMD,250,173.90,Buy
02/22/2024,14:36:11,TSLA,250,192.00,Buy
02/22/2024,14:37:11,GOOG,250,144.46,Buy
02/22/2024,14:40:11,META,250,478.75,Buy
02/22/2024,14:44:11,TSLA,250,193.43,Buy
02/22/2024,14:46:11,META,250,481.51,Sell
02/22/2024,14:48:11,AMD,250,177.01,Sell
02/22/2024,14:49:11,TSLA,250,193.15,Buy
02/22/2024,14:51:11,TSLA,250,194.04,Sell
02/22/2024,14:51:11,AMD,250,176.94,Buy
02/22/2024,14:52:11,GOOG,250,145.71,Sell
02/22/2024,14:53:11,META,250,482.52,Buy
02/22/2024,14:53:11,AMD,250,176.26,Buy
02/22/2024,14:55:11,AMD,250,176.50,Buy
02/22/2024,14:55:11,META,250,482.68,Sell
02/22/2024,14:59:11,TSLA,250,193.31,Sell
02/22/2024,15:04:11,TSLA,250,193.91,Sell
02/22/2024,15:06:11,AMD,250,177.25,Sell
02/22/2024,15:08:11,META,250,483.55,Sell
02/22/2024,15:08:11,AMD,250,177.77,Sell
02/22/2024,15:10:11,AMD,250,178.05,Sell
02/22/2024,15:34:11,TSLA,250,192.61,Buy
02/22/2024,15:49:11,TSLA,250,192.08,Sell
02/22/2024,15:51:11,META,250,484.13,Buy
02/22/2024,15:58:10,META,250,482.94,Buy
02/22/2024,15:58:11,MSFT,250,409.61,Buy
02/22/2024,16:00:11,META,250,482.85,Buy
02/22/2024,16:02:11,TSLA,250,192.86,Buy
02/22/2024,16:06:11,META,250,485.38,Sell
02/22/2024,16:09:11,TSLA,250,193.26,Buy
02/22/2024,16:10:11,GOOG,250,144.57,Buy
02/22/2024,16:13:11,META,250,485.16,Sell
02/22/2024,16:13:11,MSFT,250,409.97,Sell
02/22/2024,16:15:11,META,250,485.67,Sell
02/22/2024,16:17:11,TSLA,250,193.50,Sell
02/22/2024,16:24:11,TSLA,250,194.05,Sell
02/22/2024,16:25:11,GOOG,250,144.90,Sell
02/22/2024,16:31:11,META,250,486.52,Buy
02/22/2024,16:34:10,META,250,486.71,Buy
02/22/2024,16:46:11,META,250,487.13,Sell
02/22/2024,16:49:10,META,250,486.73,Sell
02/22/2024,16:50:10,META,250,486.49,Buy
02/22/2024,16:53:11,MSFT,250,409.20,Buy
02/22/2024,17:02:11,GOOG,250,144.39,Buy
02/22/2024,17:05:11,META,250,487.05,Sell
02/22/2024,17:08:11,MSFT,250,409.35,Sell
02/22/2024,17:17:11,GOOG,250,144.71,Sell
02/22/2024,17:48:11,GOOG,250,144.77,Buy
02/22/2024,18:03:11,GOOG,250,145.08,Sell
02/22/2024,18:23:11,GOOG,250,145.05,Buy
02/22/2024,18:30:11,GOOG,250,144.89,Buy
02/22/2024,18:34:11,GOOG,250,144.95,Buy
02/22/2024,18:38:11,GOOG,250,144.88,Sell
02/22/2024,18:45:11,GOOG,250,145.06,Sell
02/22/2024,18:49:11,GOOG,250,145.02,Sell
02/22/2024,18:53:11,GOOG,250,144.94,Buy
02/22/2024,19:08:11,GOOG,250,145.04,Sell
02/22/2024,19:21:11,GOOG,250,144.97,Buy
02/22/2024,19:36:11,GOOG,250,145.00,Sell
02/22/2024,20:53:11,GOOG,250,145.29,Buy
02/22/2024,21:08:11,GOOG,250,145.03,Sell
02/23/2024,14:52:11,TSLA,250,195.40,Buy
02/23/2024,15:07:11,TSLA,250,194.07,Sell
02/23/2024,15:46:11,META,250,487.61,Buy
02/23/2024,15:55:10,META,250,487.56,Buy
02/23/2024,15:57:11,META,250,486.73,Buy
02/23/2024,16:01:11,META,250,486.57,Sell
02/23/2024,16:04:11,META,250,485.30,Buy
02/23/2024,16:10:11,META,250,484.76,Sell
02/23/2024,16:12:10,META,250,484.42,Sell
02/23/2024,16:19:11,META,250,485.02,Sell
02/23/2024,16:46:11,META,250,485.79,Buy
02/23/2024,16:55:11,MSFT,250,409.64,Buy
02/23/2024,17:01:11,META,250,487.78,Sell
02/23/2024,17:10:11,MSFT,250,409.94,Sell
02/23/2024,17:55:11,META,250,487.86,Buy
02/23/2024,17:57:11,META,250,487.93,Buy
02/23/2024,18:02:11,MSFT,250,409.73,Buy
02/23/2024,18:03:11,META,250,488.01,Buy
02/23/2024,18:10:11,META,250,488.21,Sell
02/23/2024,18:12:10,META,250,488.35,Sell
02/23/2024,18:17:10,META,250,487.91,Buy
02/23/2024,18:17:11,MSFT,250,409.94,Sell
02/23/2024,18:18:11,META,250,487.99,Sell
02/23/2024,18:32:11,META,250,488.00,Sell
02/23/2024,18:50:11,META,250,487.13,Buy
02/23/2024,18:53:11,META,250,486.52,Buy
02/23/2024,19:02:11,META,250,486.30,Buy
02/23/2024,19:04:11,MSFT,250,410.14,Buy
02/23/2024,19:05:11,META,250,486.10,Sell
02/23/2024,19:08:09,META,250,486.28,Sell
02/23/2024,19:14:11,META,250,484.08,Buy
02/23/2024,19:17:11,META,250,484.16,Sell
02/23/2024,19:19:11,MSFT,250,409.89,Sell
02/23/2024,19:24:11,META,250,483.71,Buy
02/23/2024,19:25:11,MSFT,250,409.90,Buy
02/23/2024,19:26:11,META,250,483.01,Buy
02/23/2024,19:26:11,MSFT,250,409.98,Buy
02/23/2024,19:29:11,META,250,483.48,Sell
02/23/2024,19:30:11,MSFT,250,409.84,Buy
02/23/2024,19:37:10,META,250,483.98,Buy
02/23/2024,19:39:11,META,250,484.43,Sell
02/23/2024,19:40:11,MSFT,250,410.47,Sell
02/23/2024,19:41:07,META,250,483.96,Sell
02/23/2024,19:41:11,MSFT,250,410.37,Sell
02/23/2024,19:43:10,META,250,483.28,Buy
02/23/2024,19:45:11,MSFT,250,410.33,Sell
02/23/2024,19:52:11,META,250,482.96,Sell
02/23/2024,19:58:11,META,250,482.75,Sell
02/23/2024,20:04:11,MSFT,250,410.50,Buy
02/23/2024,20:19:11,MSFT,250,410.35,Sell
02/23/2024,20:21:11,META,250,483.51,Buy
02/23/2024,20:29:11,META,250,483.17,Buy
02/23/2024,20:32:11,MSFT,250,409.97,Buy
02/23/2024,20:36:09,META,250,483.89,Sell
02/23/2024,20:43:11,MSFT,250,410.08,Buy
02/23/2024,20:44:11,META,250,484.60,Sell
02/23/2024,20:46:11,MSFT,250,410.04,Buy
02/23/2024,20:46:11,META,250,484.24,Buy
02/23/2024,20:47:11,MSFT,250,410.19,Sell
02/23/2024,20:58:11,MSFT,250,410.67,Sell
02/23/2024,21:01:04,META,250,483.90,Sell
02/23/2024,21:01:11,MSFT,250,410.96,Sell
02/26/2024,14:36:11,TSLA,250,194.59,Buy
02/26/2024,14:45:11,TSLA,250,195.92,Buy
02/26/2024,14:51:11,TSLA,250,197.50,Sell
02/26/2024,15:00:11,TSLA,250,196.19,Sell
02/26/2024,15:16:11,TSLA,250,198.76,Buy
02/26/2024,15:29:11,TSLA,250,197.67,Buy
02/26/2024,15:31:11,TSLA,250,197.68,Sell
02/26/2024,15:32:11,TSLA,250,197.53,Buy
02/26/2024,15:44:11,TSLA,250,198.94,Sell
02/26/2024,15:47:11,TSLA,250,199.00,Sell
02/26/2024,15:56:11,TSLA,250,199.30,Buy
02/26/2024,16:00:11,TSLA,250,198.62,Buy
02/26/2024,16:05:11,TSLA,250,198.89,Buy
02/26/2024,16:11:11,TSLA,250,198.37,Sell
02/26/2024,16:15:11,TSLA,250,198.93,Sell
02/26/2024,16:20:11,TSLA,250,199.65,Sell
02/26/2024,20:16:11,GOOG,250,139.46,Buy
02/26/2024,20:31:11,GOOG,250,139.56,Sell
02/26/2024,20:51:11,GOOG,250,138.92,Buy
02/26/2024,20:53:11,MSFT,250,407.40,Buy
02/26/2024,21:06:05,GOOG,250,138.75,Sell
02/26/2024,21:07:45,MSFT,250,407.41,Sell
02/27/2024,14:31:11,GOOG,250,139.21,Buy
02/27/2024,14:46:11,GOOG,250,139.38,Sell
02/27/2024,15:13:11,TSLA,250,202.30,Buy
02/27/2024,15:28:11,TSLA,250,202.28,Sell
02/27/2024,16:31:11,META,250,483.64,Buy
02/27/2024,16:38:11,META,250,483.66,Buy
02/27/2024,16:44:11,META,250,483.48,Buy
02/27/2024,16:46:11,META,250,483.80,Sell
02/27/2024,16:53:10,META,250,484.09,Sell
02/27/2024,16:59:09,META,250,483.77,Sell
02/27/2024,17:49:11,TSLA,250,199.33,Buy
02/27/2024,17:54:11,TSLA,250,199.06,Buy
02/27/2024,18:04:11,TSLA,250,199.14,Sell
02/27/2024,18:06:11,TSLA,250,199.07,Buy
02/27/2024,18:09:11,TSLA,250,198.91,Sell
02/27/2024,18:17:11,TSLA,250,198.80,Buy
02/27/2024,18:21:11,TSLA,250,198.85,Sell
02/27/2024,18:28:11,TSLA,250,198.79,Buy
02/27/2024,18:32:11,TSLA,250,198.72,Sell
02/27/2024,18:43:11,TSLA,250,198.84,Buy
02/27/2024,18:43:11,TSLA,250,198.87,Sell
02/27/2024,18:48:11,AAPL,250,180.17,Buy
02/27/2024,18:53:11,TSLA,250,198.99,Buy
02/27/2024,18:55:10,AAPL,250,180.18,Buy
02/27/2024,18:58:11,TSLA,250,199.34,Sell
02/27/2024,18:59:11,AAPL,250,180.09,Buy
02/27/2024,19:03:11,AAPL,250,180.79,Sell
02/27/2024,19:08:11,TSLA,250,200.10,Sell
02/27/2024,19:10:11,AAPL,250,180.91,Sell
02/27/2024,19:14:11,AAPL,250,181.30,Sell
02/27/2024,19:24:11,TSLA,250,200.51,Buy
02/27/2024,19:27:11,TSLA,250,200.36,Buy
02/27/2024,19:33:11,TSLA,250,200.53,Buy
02/27/2024,19:39:11,TSLA,250,200.44,Sell
02/27/2024,19:40:11,TSLA,250,200.43,Buy
02/27/2024,19:42:11,TSLA,250,200.42,Sell
02/27/2024,19:48:11,TSLA,250,200.49,Buy
02/27/2024,19:48:11,TSLA,250,200.50,Sell
02/27/2024,19:52:11,TSLA,250,200.09,Buy
02/27/2024,19:55:11,TSLA,250,200.28,Sell
02/27/2024,19:56:11,TSLA,250,200.24,Buy
02/27/2024,20:03:11,TSLA,250,199.81,Sell
02/27/2024,20:07:11,TSLA,250,199.96,Sell
02/27/2024,20:11:11,TSLA,250,200.15,Sell
02/27/2024,20:13:11,TSLA,250,200.09,Buy
02/27/2024,20:22:11,TSLA,250,199.67,Buy
02/27/2024,20:28:11,TSLA,250,199.92,Sell
02/27/2024,20:37:11,TSLA,250,199.25,Sell
02/27/2024,20:44:11,TSLA,250,199.01,Buy
02/27/2024,20:59:11,TSLA,250,199.78,Sell
02/28/2024,14:35:11,TSLA,250,200.26,Buy
02/28/2024,14:50:11,TSLA,250,199.71,Sell
02/28/2024,15:02:11,META,250,488.32,Buy
02/28/2024,15:03:11,TSLA,250,199.86,Buy
02/28/2024,15:07:11,META,250,486.28,Buy
02/28/2024,15:17:11,META,250,487.03,Sell
02/28/2024,15:18:11,TSLA,250,202.42,Sell
02/28/2024,15:20:11,META,250,485.96,Buy
02/28/2024,15:22:11,META,250,486.21,Sell
02/28/2024,15:26:11,META,250,485.46,Buy
02/28/2024,15:35:11,META,250,486.23,Sell
02/28/2024,15:41:11,META,250,485.55,Sell
02/28/2024,15:43:11,META,250,485.41,Buy
02/28/2024,15:50:11,META,250,484.89,Buy
02/28/2024,15:58:11,META,250,485.02,Sell
02/28/2024,16:05:11,META,250,485.35,Sell
02/28/2024,16:45:11,TSLA,250,204.53,Buy
02/28/2024,17:00:11,TSLA,250,204.07,Sell
02/28/2024,17:35:09,META,250,486.19,Buy
02/28/2024,17:50:11,META,250,487.24,Sell
02/28/2024,19:16:11,META,250,485.87,Buy
02/28/2024,19:31:11,META,250,485.66,Sell
02/28/2024,19:38:11,META,250,485.00,Buy
02/28/2024,19:43:10,META,250,484.40,Buy
02/28/2024,19:53:11,META,250,483.65,Sell
02/28/2024,19:58:11,META,250,484.29,Sell
02/28/2024,20:13:11,META,250,484.30,Buy
02/28/2024,20:22:11,META,250,484.39,Buy
02/28/2024,20:28:11,META,250,484.74,Sell
02/28/2024,20:37:09,META,250,484.47,Sell
02/29/2024,14:32:11,AMD,250,180.86,Buy
02/29/2024,14:38:11,META,250,487.47,Buy
02/29/2024,14:47:11,AMD,250,181.92,Sell
02/29/2024,14:51:11,AMD,250,182.13,Buy
02/29/2024,14:53:11,META,250,488.06,Sell
02/29/2024,14:57:11,AMD,250,183.15,Buy
02/29/2024,15:00:11,AMD,250,183.06,Buy
02/29/2024,15:06:11,AMD,250,184.39,Sell
02/29/2024,15:12:11,AMD,250,184.17,Sell
02/29/2024,15:15:11,AMD,250,184.44,Sell
02/29/2024,15:38:11,AMD,250,186.15,Buy
02/29/2024,15:53:11,AMD,250,187.41,Sell
02/29/2024,16:20:11,META,250,487.22,Buy
02/29/2024,16:27:10,META,250,486.03,Buy
02/29/2024,16:29:10,META,250,485.87,Buy
02/29/2024,16:35:11,META,250,484.76,Sell
02/29/2024,16:36:11,META,250,484.90,Buy
02/29/2024,16:41:11,TSLA,250,198.81,Buy
02/29/2024,16:42:11,META,250,483.28,Sell
02/29/2024,16:44:11,META,250,484.47,Sell
02/29/2024,16:47:11,AMD,250,185.31,Buy
02/29/2024,16:51:11,META,250,485.84,Sell
02/29/2024,16:56:11,TSLA,250,200.10,Sell
02/29/2024,17:02:11,AMD,250,186.56,Sell
02/29/2024,17:11:11,META,250,486.34,Buy
02/29/2024,17:19:10,META,250,485.95,Buy
02/29/2024,17:26:10,META,250,486.30,Sell
02/29/2024,17:28:10,META,250,485.72,Buy
02/29/2024,17:34:11,META,250,486.37,Sell
02/29/2024,17:43:11,META,250,486.45,Sell
02/29/2024,17:51:11,META,250,487.03,Buy
02/29/2024,18:03:11,TSLA,250,200.08,Buy
02/29/2024,18:05:11,TSLA,250,200.05,Buy
02/29/2024,18:06:11,META,250,488.28,Sell
02/29/2024,18:18:11,TSLA,250,200.53,Sell
02/29/2024,18:20:10,META,250,488.17,Buy
02/29/2024,18:20:11,TSLA,250,200.75,Sell
02/29/2024,18:29:11,TSLA,250,200.58,Buy
02/29/2024,18:34:11,TSLA,250,200.14,Buy
02/29/2024,18:35:10,META,250,488.20,Sell
02/29/2024,18:44:11,TSLA,250,201.02,Sell
02/29/2024,18:46:11,TSLA,250,200.97,Buy
02/29/2024,18:49:11,TSLA,250,200.71,Sell
02/29/2024,18:55:11,TSLA,250,200.55,Buy
02/29/2024,18:56:11,TSLA,250,200.65,Buy
02/29/2024,19:01:11,TSLA,250,200.71,Sell
02/29/2024,19:10:11,TSLA,250,200.99,Sell
02/29/2024,19:11:11,TSLA,250,200.84,Sell
02/29/2024,19:25:11,TSLA,250,200.01,Buy
02/29/2024,19:27:11,TSLA,250,200.03,Buy
02/29/2024,19:40:11,TSLA,250,200.41,Sell
02/29/2024,19:42:11,TSLA,250,200.50,Sell
03/01/2024,14:30:11,TSLA,250,200.24,Buy
03/01/2024,14:43:11,TSLA,250,198.77,Buy
03/01/2024,14:45:11,TSLA,250,199.08,Sell
03/01/2024,14:58:11,TSLA,250,200.45,Sell
03/01/2024,15:04:11,TSLA,250,199.94,Buy
03/01/2024,15:19:11,TSLA,250,199.75,Sell
03/01/2024,15:32:11,META,250,498.44,Buy
03/01/2024,15:34:11,META,250,498.46,Buy
03/01/2024,15:38:11,META,250,498.56,Buy
03/01/2024,15:47:09,META,250,499.00,Sell
03/01/2024,15:49:11,META,250,498.68,Sell
03/01/2024,15:50:11,META,250,498.55,Buy
03/01/2024,15:53:11,META,250,498.69,Sell
03/01/2024,15:55:11,META,250,498.38,Buy
03/01/2024,16:00:11,META,250,497.60,Buy
03/01/2024,16:05:11,META,250,498.97,Sell
03/01/2024,16:07:11,META,250,498.92,Buy
03/01/2024,16:10:11,META,250,499.66,Sell
03/01/2024,16:14:11,META,250,498.90,Buy
03/01/2024,16:15:11,META,250,499.90,Sell
03/01/2024,16:22:11,META,250,500.37,Sell
03/01/2024,16:29:11,META,250,499.47,Buy
03/01/2024,16:29:11,META,250,499.54,Sell
03/01/2024,16:44:11,META,250,499.31,Sell
03/01/2024,17:00:11,TSLA,250,200.59,Buy
03/01/2024,17:15:11,TSLA,250,202.08,Sell
03/04/2024,14:30:11,AMZN,250,177.92,Buy
03/04/2024,14:35:11,MSFT,250,413.03,Buy
03/04/2024,14:43:11,MSFT,250,414.09,Buy
03/04/2024,14:45:11,AMZN,250,179.03,Sell
03/04/2024,14:50:11,MSFT,250,415.20,Sell
03/04/2024,14:58:11,MSFT,250,416.03,Sell
03/04/2024,15:02:11,AAPL,250,174.63,Buy
03/04/2024,15:08:11,META,250,497.65,Buy
03/04/2024,15:17:11,AAPL,250,174.65,Sell
03/04/2024,15:23:11,META,250,499.90,Sell
03/04/2024,16:42:11,AMZN,250,178.91,Buy
03/04/2024,16:57:11,AMZN,250,178.82,Sell
03/04/2024,17:10:10,AAPL,250,174.07,Buy
03/04/2024,17:25:11,AAPL,250,174.57,Sell
03/04/2024,17:53:11,TSLA,250,187.06,Buy
03/04/2024,18:03:11,TSLA,250,187.63,Buy
03/04/2024,18:08:11,TSLA,250,187.85,Sell
03/04/2024,18:18:11,TSLA,250,188.14,Sell
03/04/2024,18:31:11,TSLA,250,187.38,Buy
03/04/2024,18:46:10,TSLA,250,187.23,Sell
03/04/2024,19:03:11,TSLA,250,187.42,Buy
03/04/2024,19:18:11,TSLA,250,186.95,Sell
03/04/2024,19:44:10,TSLA,250,188.09,Buy
03/04/2024,19:59:11,TSLA,250,189.04,Sell
03/04/2024,20:08:11,TSLA,250,189.16,Buy
03/04/2024,20:12:11,TSLA,250,189.16,Buy
03/04/2024,20:23:11,TSLA,250,189.68,Sell
03/04/2024,20:27:11,TSLA,250,189.94,Sell
03/04/2024,20:53:11,TSLA,250,188.65,Buy
03/04/2024,21:08:11,TSLA,250,188.01,Sell
03/05/2024,14:36:11,AAPL,250,171.29,Buy
03/05/2024,14:51:11,AAPL,250,170.28,Sell
03/05/2024,14:52:11,AAPL,250,170.30,Buy
03/05/2024,15:07:11,AAPL,250,170.56,Sell
03/05/2024,15:28:11,TSLA,250,179.26,Buy
03/05/2024,15:43:11,TSLA,250,179.03,Sell
03/05/2024,15:46:11,META,250,488.15,Buy
03/05/2024,16:01:08,META,250,489.72,Sell
03/05/2024,17:04:11,AAPL,250,170.18,Buy
03/05/2024,17:19:11,AAPL,250,170.52,Sell
03/05/2024,18:23:11,TSLA,250,180.34,Buy
03/05/2024,18:24:10,MSFT,250,402.33,Buy
03/05/2024,18:26:11,TSLA,250,180.41,Buy
03/05/2024,18:36:11,MSFT,250,402.64,Buy
03/05/2024,18:38:11,TSLA,250,181.53,Sell
03/05/2024,18:39:11,MSFT,250,402.37,Buy
03/05/2024,18:39:11,MSFT,250,402.41,Sell
03/05/2024,18:41:11,TSLA,250,181.80,Sell
03/05/2024,18:46:11,MSFT,250,401.41,Buy
03/05/2024,18:51:11,MSFT,250,401.38,Sell
03/05/2024,18:54:11,MSFT,250,401.74,Sell
03/05/2024,18:59:11,MSFT,250,401.52,Buy
03/05/2024,19:01:11,MSFT,250,401.60,Buy
03/05/2024,19:01:11,MSFT,250,401.62,Sell
03/05/2024,19:03:11,MSFT,250,401.45,Buy
03/05/2024,19:14:11,MSFT,250,402.13,Sell
03/05/2024,19:16:11,MSFT,250,402.37,Sell
03/05/2024,19:18:11,MSFT,250,402.20,Sell
03/05/2024,19:22:11,META,250,489.98,Buy
03/05/2024,19:22:11,MSFT,250,401.91,Buy
03/05/2024,19:35:11,MSFT,250,401.62,Buy
03/05/2024,19:37:10,META,250,489.98,Sell
03/05/2024,19:37:11,MSFT,250,401.74,Sell
03/05/2024,19:46:11,MSFT,250,400.98,Buy
03/05/2024,19:50:11,MSFT,250,400.84,Sell
03/05/2024,19:56:11,META,250,489.52,Buy
03/05/2024,20:01:11,MSFT,250,401.50,Sell
03/05/2024,20:01:11,TSLA,250,179.39,Buy
03/05/2024,20:06:11,TSLA,250,179.43,Buy
03/05/2024,20:11:11,META,250,490.04,Sell
03/05/2024,20:16:11,META,250,489.32,Buy
03/05/2024,20:16:11,TSLA,250,179.90,Sell
03/05/2024,20:16:11,MSFT,250,401.16,Buy
03/05/2024,20:21:11,MSFT,250,400.81,Buy
03/05/2024,20:21:11,TSLA,250,179.65,Sell
03/05/2024,20:31:11,META,250,488.59,Sell
03/05/2024,20:31:11,MSFT,250,400.96,Sell
03/05/2024,20:36:11,MSFT,250,401.43,Sell
03/06/2024,14:46:11,TSLA,250,177.16,Buy
03/06/2024,15:01:11,TSLA,250,176.24,Sell
03/06/2024,15:07:11,TSLA,250,174.03,Buy
03/06/2024,15:08:11,AMD,250,210.23,Buy
03/06/2024,15:11:11,MSFT,250,399.02,Buy
03/06/2024,15:15:11,AMD,250,209.45,Buy
03/06/2024,15:20:11,AMD,250,209.24,Buy
03/06/2024,15:22:11,TSLA,250,175.90,Sell
03/06/2024,15:23:11,AMD,250,210.71,Sell
03/06/2024,15:26:11,MSFT,250,399.67,Sell
03/06/2024,15:26:11,META,250,495.51,Buy
03/06/2024,15:30:11,AMD,250,209.50,Sell
03/06/2024,15:32:11,META,250,495.02,Buy
03/06/2024,15:35:11,AMD,250,210.99,Sell
03/06/2024,15:41:11,META,250,495.82,Sell
03/06/2024,15:47:11,META,250,497.45,Sell
03/06/2024,16:40:11,TSLA,250,176.42,Buy
03/06/2024,16:42:11,META,250,497.02,Buy
03/06/2024,16:53:11,AMD,250,208.64,Buy
03/06/2024,16:55:11,TSLA,250,177.65,Sell
03/06/2024,16:57:11,META,250,497.61,Buy
03/06/2024,16:57:11,META,250,497.68,Sell
03/06/2024,17:08:11,AMD,250,210.10,Sell
03/06/2024,17:12:10,META,250,499.66,Sell
03/06/2024,17:17:11,META,250,498.80,Buy
03/06/2024,17:17:11,AMD,250,210.63,Buy
03/06/2024,17:20:11,AMD,250,210.65,Buy
03/06/2024,17:28:08,META,250,498.09,Buy
03/06/2024,17:32:10,META,250,498.44,Sell
03/06/2024,17:32:11,AMD,250,211.97,Sell
03/06/2024,17:35:11,AMD,250,211.71,Sell
03/06/2024,17:43:11,META,250,497.96,Sell
03/06/2024,18:02:10,META,250,497.75,Buy
03/06/2024,18:17:11,META,250,497.59,Sell
03/06/2024,18:38:11,META,250,495.50,Buy
03/06/2024,18:43:11,META,250,497.00,Buy
03/06/2024,18:53:11,META,250,495.37,Buy
03/06/2024,18:53:11,META,250,495.52,Sell
03/06/2024,18:58:11,META,250,496.66,Sell
03/06/2024,19:02:09,META,250,495.73,Buy
03/06/2024,19:08:11,META,250,496.75,Sell
03/06/2024,19:09:11,META,250,496.56,Buy
03/06/2024,19:17:11,META,250,495.59,Sell
03/06/2024,19:24:09,META,250,497.36,Sell
03/06/2024,19:34:11,META,250,496.78,Buy
03/06/2024,19:37:10,META,250,497.12,Buy
03/06/2024,19:48:11,META,250,496.92,Buy
03/06/2024,19:49:09,META,250,497.47,Sell
03/06/2024,19:52:11,META,250,497.23,Sell
03/06/2024,19:59:11,AAPL,250,168.80,Buy
03/06/2024,20:03:11,META,250,496.95,Buy
03/06/2024,20:03:11,META,250,497.20,Sell
03/06/2024,20:14:11,AAPL,250,168.78,Sell
03/06/2024,20:16:11,META,250,496.48,Buy
03/06/2024,20:18:11,META,250,496.99,Sell
03/06/2024,20:24:11,META,250,495.34,Buy
03/06/2024,20:28:11,META,250,495.44,Buy
03/06/2024,20:31:10,META,250,495.45,Sell
03/06/2024,20:36:11,META,250,495.28,Buy
03/06/2024,20:39:10,META,250,496.43,Sell
03/06/2024,20:43:11,META,250,496.69,Sell
03/06/2024,20:48:11,META,250,496.82,Buy
03/06/2024,20:51:11,META,250,496.32,Sell
03/06/2024,21:03:10,META,250,496.50,Sell
03/07/2024,16:13:11,META,250,508.50,Buy
03/07/2024,16:19:11,META,250,509.48,Buy
03/07/2024,16:28:11,META,250,511.23,Sell
03/07/2024,16:33:11,META,250,510.46,Buy
03/07/2024,16:34:11,META,250,510.72,Sell
03/07/2024,16:48:11,META,250,512.14,Sell
03/08/2024,14:31:11,MSFT,250,407.25,Buy
03/08/2024,14:31:11,META,250,513.50,Buy
03/08/2024,14:31:11,AAPL,250,169.17,Buy
03/08/2024,14:46:11,META,250,518.86,Sell
03/08/2024,14:46:11,AAPL,250,169.99,Sell
03/08/2024,14:46:11,MSFT,250,407.70,Sell
03/08/2024,15:35:11,TSLA,250,177.71,Buy
03/08/2024,15:47:11,TSLA,250,176.30,Buy
03/08/2024,15:50:11,TSLA,250,176.83,Sell
03/08/2024,15:53:11,TSLA,250,176.72,Buy
03/08/2024,16:02:11,TSLA,250,175.61,Sell
03/08/2024,16:08:11,TSLA,250,175.89,Sell
03/08/2024,16:17:11,AMD,250,215.57,Buy
03/08/2024,16:19:11,TSLA,250,175.76,Buy
03/08/2024,16:30:11,AMD,250,211.05,Buy
03/08/2024,16:32:11,AMD,250,210.61,Sell
03/08/2024,16:34:11,TSLA,250,175.16,Sell
03/08/2024,16:45:11,AMD,250,213.31,Sell
03/08/2024,16:50:11,AMD,250,211.78,Buy
03/08/2024,16:55:11,AMD,250,211.27,Buy
03/08/2024,16:59:11,AMD,250,211.10,Buy
03/08/2024,17:05:11,AMD,250,210.09,Sell
03/08/2024,17:10:11,AMD,250,208.00,Buy
03/08/2024,17:10:11,AMD,250,208.05,Sell
03/08/2024,17:12:11,META,250,507.16,Buy
03/08/2024,17:14:11,AMD,250,209.66,Buy
03/08/2024,17:14:11,AMD,250,209.73,Sell
03/08/2024,17:25:11,AMD,250,209.16,Sell
03/08/2024,17:25:11,META,250,506.77,Buy
03/08/2024,17:27:11,META,250,507.90,Sell
03/08/2024,17:29:11,AMD,250,209.64,Buy
03/08/2024,17:29:11,AMD,250,209.69,Sell
03/08/2024,17:30:11,TSLA,250,176.20,Buy
03/08/2024,17:36:11,AMD,250,208.98,Buy
03/08/2024,17:40:11,META,250,508.37,Sell
03/08/2024,17:41:11,AMD,250,209.04,Buy
03/08/2024,17:44:11,AMD,250,208.76,Sell
03/08/2024,17:45:11,TSLA,250,175.93,Buy
03/08/2024,17:45:11,TSLA,250,175.95,Sell
03/08/2024,17:45:11,AMD,250,208.90,Buy
03/08/2024,17:51:11,AMD,250,208.61,Sell
03/08/2024,17:56:11,AMD,250,207.82,Sell
03/08/2024,17:58:10,META,250,504.77,Buy
03/08/2024,18:00:11,TSLA,250,175.48,Sell
03/08/2024,18:00:11,AMD,250,206.76,Sell
03/08/2024,18:07:11,META,250,502.98,Buy
03/08/2024,18:13:11,META,250,504.55,Sell
03/08/2024,18:16:11,META,250,503.81,Buy
03/08/2024,18:16:11,TSLA,250,176.08,Buy
03/08/2024,18:16:11,AMD,250,208.08,Buy
03/08/2024,18:21:11,AMD,250,208.38,Buy
03/08/2024,18:21:11,TSLA,250,176.08,Buy
03/08/2024,18:22:11,META,250,503.34,Sell
03/08/2024,18:23:11,TSLA,250,175.95,Buy
03/08/2024,18:24:11,META,250,502.50,Buy
03/08/2024,18:26:11,META,250,502.20,Buy
03/08/2024,18:26:11,AMD,250,207.16,Buy
03/08/2024,18:31:11,META,250,502.80,Sell
03/08/2024,18:31:11,TSLA,250,176.22,Sell
03/08/2024,18:31:11,AMD,250,207.10,Sell
03/08/2024,18:34:11,AMD,250,206.36,Buy
03/08/2024,18:36:11,AMD,250,206.30,Sell
03/08/2024,18:36:11,TSLA,250,175.64,Sell
03/08/2024,18:38:11,AMD,250,206.52,Buy
03/08/2024,18:38:11,META,250,500.64,Buy
03/08/2024,18:38:11,TSLA,250,175.31,Sell
03/08/2024,18:39:11,META,250,500.77,Sell
03/08/2024,18:40:11,META,250,500.34,Buy
03/08/2024,18:41:11,META,250,500.39,Sell
03/08/2024,18:41:11,AMD,250,206.54,Sell
03/08/2024,18:44:11,META,250,499.73,Buy
03/08/2024,18:49:11,AMD,250,206.95,Sell
03/08/2024,18:53:11,AMD,250,207.45,Sell
03/08/2024,18:53:11,META,250,500.11,Sell
03/08/2024,18:55:09,META,250,500.23,Sell
03/08/2024,18:55:11,AMD,250,207.46,Buy
03/08/2024,18:59:11,META,250,501.08,Sell
03/08/2024,19:00:11,AMD,250,207.32,Buy
03/08/2024,19:02:11,TSLA,250,175.43,Buy
03/08/2024,19:06:11,META,250,502.52,Buy
03/08/2024,19:07:11,META,250,502.66,Buy
03/08/2024,19:07:11,TSLA,250,175.62,Buy
03/08/2024,19:09:11,AMD,250,208.62,Buy
03/08/2024,19:10:11,AMD,250,208.96,Sell
03/08/2024,19:12:11,AMD,250,208.92,Buy
03/08/2024,19:14:11,TSLA,250,175.58,Buy
03/08/2024,19:15:11,META,250,502.52,Buy
03/08/2024,19:15:11,AMD,250,208.33,Sell
03/08/2024,19:17:11,TSLA,250,175.29,Sell
03/08/2024,19:21:11,META,250,502.66,Sell
03/08/2024,19:22:10,META,250,503.01,Sell
03/08/2024,19:22:11,TSLA,250,175.77,Sell
03/08/2024,19:24:11,AMD,250,209.34,Sell
03/08/2024,19:27:11,AMD,250,209.30,Sell
03/08/2024,19:29:11,TSLA,250,175.56,Sell
03/08/2024,19:30:11,META,250,504.55,Sell
03/08/2024,19:31:11,META,250,504.35,Buy
03/08/2024,19:46:11,META,250,506.89,Sell
03/08/2024,19:54:11,TSLA,250,176.58,Buy
03/08/2024,19:56:11,META,250,507.53,Buy
03/08/2024,19:56:11,AMD,250,209.18,Buy
03/08/2024,19:56:11,TSLA,250,176.38,Buy
03/08/2024,19:58:11,AMD,250,209.47,Buy
03/08/2024,19:59:11,META,250,507.29,Buy
03/08/2024,20:05:11,META,250,505.82,Buy
03/08/2024,20:08:11,TSLA,250,175.95,Buy
03/08/2024,20:08:11,AMD,250,208.74,Buy
03/08/2024,20:09:11,TSLA,250,176.05,Sell
03/08/2024,20:11:11,META,250,505.79,Sell
03/08/2024,20:11:11,TSLA,250,175.88,Sell
03/08/2024,20:11:11,AMD,250,208.93,Sell
03/08/2024,20:12:11,AMD,250,208.96,Buy
03/08/2024,20:13:11,AMD,250,209.39,Sell
03/08/2024,20:14:11,META,250,506.03,Sell
03/08/2024,20:20:11,META,250,505.78,Sell
03/08/2024,20:22:11,TSLA,250,176.00,Buy
03/08/2024,20:23:11,AMD,250,208.95,Sell
03/08/2024,20:23:11,TSLA,250,175.96,Sell
03/08/2024,20:27:11,AMD,250,209.30,Sell
03/08/2024,20:27:11,TSLA,250,176.03,Buy
03/08/2024,20:30:11,AMD,250,208.11,Buy
03/08/2024,20:37:11,TSLA,250,175.69,Buy
03/08/2024,20:37:11,TSLA,250,175.72,Sell
03/08/2024,20:41:11,TSLA,250,175.46,Buy
03/08/2024,20:42:11,TSLA,250,175.33,Sell
03/08/2024,20:44:11,TSLA,250,175.32,Buy
03/08/2024,20:44:11,AMD,250,208.86,Buy
03/08/2024,20:45:11,AMD,250,208.88,Sell
03/08/2024,20:52:11,TSLA,250,175.33,Sell
03/08/2024,20:56:11,TSLA,250,175.30,Sell
03/08/2024,20:57:11,TSLA,250,175.30,Buy
03/08/2024,20:59:11,TSLA,250,175.47,Sell
03/08/2024,20:59:11,AMD,250,207.63,Sell
03/08/2024,21:12:03,TSLA,250,175.40,Sell
03/11/2024,13:33:11,AMD,250,198.70,Buy
03/11/2024,13:35:11,AMD,250,198.35,Buy
03/11/2024,13:42:11,META,250,486.66,Buy
03/11/2024,13:44:11,META,250,486.35,Buy
03/11/2024,13:44:11,AMD,250,201.73,Buy
03/11/2024,13:45:11,TSLA,250,180.04,Buy
03/11/2024,13:48:11,AMD,250,201.20,Sell
03/11/2024,13:50:11,META,250,486.23,Buy
03/11/2024,13:50:11,AMD,250,201.22,Sell
03/11/2024,13:53:11,MSFT,250,403.19,Buy
03/11/2024,13:57:11,META,250,483.30,Sell
03/11/2024,13:59:11,META,250,480.69,Sell
03/11/2024,13:59:11,AMD,250,197.68,Sell
03/11/2024,14:00:11,TSLA,250,181.74,Sell
03/11/2024,14:01:11,MSFT,250,401.86,Buy
03/11/2024,14:01:11,META,250,480.82,Buy
03/11/2024,14:05:11,META,250,478.67,Sell
03/11/2024,14:08:11,MSFT,250,402.05,Sell
03/11/2024,14:11:11,MSFT,250,402.13,Buy
03/11/2024,14:13:11,MSFT,250,401.78,Buy
03/11/2024,14:13:11,META,250,479.87,Buy
03/11/2024,14:16:11,MSFT,250,401.79,Sell
03/11/2024,14:16:11,META,250,479.99,Sell
03/11/2024,14:18:11,META,250,479.39,Buy
03/11/2024,14:22:11,META,250,477.80,Buy
03/11/2024,14:26:11,MSFT,250,402.32,Sell
03/11/2024,14:28:11,META,250,476.96,Sell
03/11/2024,14:28:11,MSFT,250,402.60,Sell
03/11/2024,14:29:11,META,250,477.27,Buy
03/11/2024,14:30:11,TSLA,250,179.82,Buy
03/11/2024,14:33:11,META,250,483.41,Sell
03/11/2024,14:36:11,MSFT,250,403.57,Buy
03/11/2024,14:37:11,META,250,483.33,Sell
03/11/2024,14:44:11,META,250,482.70,Sell
03/11/2024,14:45:11,TSLA,250,180.39,Sell
03/11/2024,14:49:11,TSLA,250,179.20,Buy
03/11/2024,14:50:11,TSLA,250,179.36,Buy
03/11/2024,14:51:11,MSFT,250,403.89,Sell
03/11/2024,14:57:11,TSLA,250,178.57,Buy
03/11/2024,15:04:11,TSLA,250,178.56,Sell
03/11/2024,15:05:11,TSLA,250,178.75,Sell
03/11/2024,15:12:11,TSLA,250,178.17,Sell
03/11/2024,15:13:11,TSLA,250,178.14,Buy
03/11/2024,15:26:11,AMD,250,200.12,Buy
03/11/2024,15:28:11,TSLA,250,178.28,Sell
03/11/2024,15:33:11,META,250,484.05,Buy
03/11/2024,15:34:11,TSLA,250,178.07,Buy
03/11/2024,15:41:11,AMD,250,199.68,Buy
03/11/2024,15:41:11,AMD,250,199.73,Sell
03/11/2024,15:48:10,META,250,488.18,Sell
03/11/2024,15:49:11,TSLA,250,177.33,Sell
03/11/2024,15:53:11,TSLA,250,177.75,Buy
03/11/2024,15:56:11,AMD,250,199.91,Sell
03/11/2024,16:05:11,META,250,486.20,Buy
03/11/2024,16:08:11,TSLA,250,178.54,Sell
03/11/2024,16:20:07,META,250,487.25,Sell
03/11/2024,16:31:11,TSLA,250,178.53,Buy
03/11/2024,16:40:11,TSLA,250,178.33,Buy
03/11/2024,16:46:11,TSLA,250,178.27,Sell
03/11/2024,16:55:11,TSLA,250,178.51,Sell
03/11/2024,17:34:11,TSLA,250,179.02,Buy
03/11/2024,17:41:11,TSLA,250,179.03,Buy
03/11/2024,17:46:11,META,250,484.25,Buy
03/11/2024,17:49:11,TSLA,250,178.80,Buy
03/11/2024,17:49:11,TSLA,250,178.83,Sell
03/11/2024,17:53:11,META,250,484.66,Buy
03/11/2024,17:53:11,TSLA,250,178.93,Buy
03/11/2024,17:56:11,TSLA,250,179.16,Sell
03/11/2024,18:01:10,META,250,485.87,Sell
03/11/2024,18:04:11,TSLA,250,179.54,Sell
03/11/2024,18:08:11,TSLA,250,179.41,Sell
03/11/2024,18:08:11,META,250,486.68,Sell
03/11/2024,18:20:11,TSLA,250,179.43,Buy
03/11/2024,18:25:11,TSLA,250,179.27,Buy
03/11/2024,18:29:10,META,250,487.00,Buy
03/11/2024,18:34:11,AMD,250,198.89,Buy
03/11/2024,18:34:11,TSLA,250,178.90,Buy
03/11/2024,18:35:11,TSLA,250,178.84,Sell
03/11/2024,18:40:11,TSLA,250,178.92,Sell
03/11/2024,18:44:11,META,250,486.73,Sell
03/11/2024,18:48:11,META,250,486.52,Buy
03/11/2024,18:49:11,TSLA,250,178.67,Sell
03/11/2024,18:49:11,AMD,250,199.73,Sell
03/11/2024,18:50:11,TSLA,250,178.73,Buy
03/11/2024,19:03:11,META,250,485.93,Sell
03/11/2024,19:05:11,TSLA,250,178.52,Sell
03/11/2024,19:09:11,TSLA,250,178.30,Buy
03/11/2024,19:16:11,META,250,484.08,Buy
03/11/2024,19:16:11,AAPL,250,172.49,Buy
03/11/2024,19:19:11,META,250,484.23,Buy
03/11/2024,19:20:11,TSLA,250,177.73,Buy
03/11/2024,19:24:11,TSLA,250,177.34,Sell
03/11/2024,19:28:11,TSLA,250,176.92,Buy
03/11/2024,19:31:11,META,250,484.48,Sell
03/11/2024,19:31:11,AAPL,250,172.92,Sell
03/11/2024,19:34:11,META,250,484.22,Sell
03/11/2024,19:34:11,TSLA,250,176.86,Buy
03/11/2024,19:35:11,TSLA,250,176.95,Sell
03/11/2024,19:36:11,META,250,484.05,Buy
03/11/2024,19:43:11,TSLA,250,177.04,Buy
03/11/2024,19:43:11,TSLA,250,177.07,Sell
03/11/2024,19:49:11,TSLA,250,177.27,Sell
03/11/2024,19:51:11,META,250,483.50,Sell
03/11/2024,19:53:11,TSLA,250,176.99,Buy
03/11/2024,19:58:11,TSLA,250,177.70,Sell
03/11/2024,20:08:07,TSLA,250,177.85,Sell
03/12/2024,13:35:11,AMZN,250,172.92,Buy
03/12/2024,13:36:11,META,250,486.36,Buy
03/12/2024,13:41:11,TSLA,250,173.47,Buy
03/12/2024,13:42:11,AMD,250,196.22,Buy
03/12/2024,13:43:11,META,250,488.66,Buy
03/12/2024,13:46:11,META,250,486.86,Buy
03/12/2024,13:50:11,AMZN,250,172.30,Sell
03/12/2024,13:51:11,META,250,489.07,Sell
03/12/2024,13:56:11,TSLA,250,173.47,Sell
03/12/2024,13:56:11,MSFT,250,408.57,Buy
03/12/2024,13:57:11,AMD,250,197.46,Sell
03/12/2024,13:58:11,META,250,492.15,Sell
03/12/2024,14:01:11,META,250,493.67,Sell
03/12/2024,14:03:11,META,250,493.87,Buy
03/12/2024,14:05:11,META,250,493.20,Buy
03/12/2024,14:11:11,MSFT,250,411.15,Buy
03/12/2024,14:11:11,MSFT,250,411.21,Sell
03/12/2024,14:17:11,MSFT,250,411.12,Buy
03/12/2024,14:18:11,META,250,494.43,Sell
03/12/2024,14:20:11,META,250,494.19,Buy
03/12/2024,14:20:11,META,250,494.35,Sell
03/12/2024,14:26:11,META,250,495.23,Buy
03/12/2024,14:26:11,MSFT,250,412.67,Sell
03/12/2024,14:32:11,MSFT,250,413.78,Sell
03/12/2024,14:35:11,META,250,497.56,Sell
03/12/2024,14:41:10,META,250,497.83,Sell
03/12/2024,15:19:11,META,250,499.03,Buy
03/12/2024,15:34:10,META,250,501.14,Sell
03/12/2024,15:40:11,META,250,498.82,Buy
03/12/2024,15:48:11,AAPL,250,172.49,Buy
03/12/2024,15:54:11,META,250,497.56,Buy
