Date,Time,Symbol,Quantity,Price,Side
01/02/2025,14:30:11,GOOG,250,191.31,Buy
01/02/2025,14:30:11,MSFT,250,425.04,Buy
01/02/2025,14:31:11,MSFT,250,425.84,Buy
01/02/2025,14:31:11,AAPL,250,248.99,Buy
01/02/2025,14:31:11,GOOG,250,191.87,Buy
01/02/2025,14:32:11,AAPL,250,248.12,Buy
01/02/2025,14:32:11,MSFT,250,425.41,Buy
01/02/2025,14:34:11,AAPL,250,246.74,Buy
01/02/2025,14:34:11,GOOG,250,190.25,Buy
01/02/2025,14:39:11,AMZN,250,220.87,Buy
01/02/2025,14:40:11,AMZN,250,220.81,Buy
01/02/2025,14:41:11,AMZN,250,221.12,Buy
01/02/2025,14:42:11,META,250,589.05,Sell
01/02/2025,14:45:11,MSFT,250,423.28,Sell
01/02/2025,14:45:11,META,250,590.91,Sell
01/02/2025,14:45:11,GOOG,250,190.47,Sell
01/02/2025,14:46:11,MSFT,250,423.22,Buy
01/02/2025,14:46:11,MSFT,250,423.40,Sell
01/02/2025,14:46:11,GOOG,250,190.66,Buy
01/02/2025,14:46:11,GOOG,250,190.70,Sell
01/02/2025,14:46:11,META,250,591.58,Sell
01/02/2025,14:46:11,AAPL,250,245.21,Sell
01/02/2025,14:47:10,MSFT,250,423.44,Buy
01/02/2025,14:47:10,MSFT,250,423.56,Sell
01/02/2025,14:47:11,AAPL,250,245.01,Buy
01/02/2025,14:47:11,AAPL,250,245.04,Sell
01/02/2025,14:48:11,AAPL,250,245.09,Buy
01/02/2025,14:48:11,MSFT,250,423.63,Buy
01/02/2025,14:49:11,GOOG,250,190.92,Buy
01/02/2025,14:49:11,GOOG,250,190.98,Sell
01/02/2025,14:49:11,AAPL,250,245.56,Sell
01/02/2025,14:50:11,AAPL,250,245.91,Buy
01/02/2025,14:51:11,GOOG,250,191.18,Buy
01/02/2025,14:54:11,AMZN,250,223.01,Sell
01/02/2025,14:55:11,AMZN,250,223.42,Sell
01/02/2025,14:56:11,AMZN,250,223.81,Sell
01/02/2025,14:57:11,META,250,597.20,Buy
01/02/2025,14:58:11,META,250,597.04,Buy
01/02/2025,15:00:11,META,250,598.62,Buy
01/02/2025,15:01:11,META,250,598.66,Buy
01/02/2025,15:01:11,GOOG,250,192.49,Sell
01/02/2025,15:01:11,MSFT,250,425.49,Sell
01/02/2025,15:02:11,AAPL,250,246.44,Sell
01/02/2025,15:02:11,MSFT,250,425.40,Sell
01/02/2025,15:03:11,MSFT,250,425.13,Sell
01/02/2025,15:03:11,AAPL,250,246.76,Buy
01/02/2025,15:03:11,AAPL,250,246.80,Sell
01/02/2025,15:04:11,AAPL,250,246.78,Buy
01/02/2025,15:04:11,GOOG,250,192.62,Sell
01/02/2025,15:05:11,AAPL,250,247.14,Sell
01/02/2025,15:06:11,AAPL,250,247.31,Buy
01/02/2025,15:06:11,GOOG,250,193.07,Sell
01/02/2025,15:13:11,META,250,603.78,Sell
01/02/2025,15:17:11,META,250,603.33,Buy
01/02/2025,15:18:11,AAPL,250,247.07,Sell
01/02/2025,15:19:11,AAPL,250,246.83,Sell
01/02/2025,15:21:11,AAPL,250,246.28,Sell
01/02/2025,15:23:11,AAPL,250,245.42,Buy
01/02/2025,15:24:11,MSFT,250,422.83,Buy
01/02/2025,15:24:11,META,250,598.37,Buy
01/02/2025,15:24:11,AAPL,250,245.56,Buy
01/02/2025,15:24:11,AMZN,250,222.78,Buy
01/02/2025,15:25:11,MSFT,250,422.72,Buy
01/02/2025,15:25:11,AMZN,250,222.84,Buy
01/02/2025,15:26:11,MSFT,250,422.70,Buy
01/02/2025,15:26:11,GOOG,250,191.56,Buy
01/02/2025,15:26:11,AAPL,250,245.53,Buy
01/02/2025,15:26:11,AMZN,250,223.00,Buy
01/02/2025,15:27:11,GOOG,250,191.65,Buy
01/02/2025,15:29:11,GOOG,250,191.45,Buy
01/02/2025,15:32:10,META,250,597.63,Sell
01/02/2025,15:38:11,AAPL,250,245.25,Sell
01/02/2025,15:39:11,AAPL,250,245.29,Buy
01/02/2025,15:39:11,AAPL,250,245.30,Sell
01/02/2025,15:39:11,MSFT,250,421.65,Sell
01/02/2025,15:39:11,META,250,599.40,Sell
01/02/2025,15:39:11,AMZN,250,222.41,Sell
01/02/2025,15:40:10,AAPL,250,245.16,Buy
01/02/2025,15:40:11,MSFT,250,421.37,Buy
01/02/2025,15:40:11,MSFT,250,421.50,Sell
01/02/2025,15:40:11,AMZN,250,222.53,Sell
01/02/2025,15:41:11,MSFT,250,421.56,Buy
01/02/2025,15:41:11,MSFT,250,421.79,Sell
01/02/2025,15:41:11,AMZN,250,222.53,Buy
01/02/2025,15:41:11,AMZN,250,222.58,Sell
01/02/2025,15:41:11,GOOG,250,191.01,Sell
01/02/2025,15:41:11,AAPL,250,245.35,Sell
01/02/2025,15:42:11,AMZN,250,221.84,Buy
01/02/2025,15:42:11,MSFT,250,420.67,Buy
01/02/2025,15:42:11,GOOG,250,190.65,Buy
01/02/2025,15:42:11,GOOG,250,190.69,Sell
01/02/2025,15:43:11,AAPL,250,245.01,Buy
01/02/2025,15:43:11,GOOG,250,190.93,Buy
01/02/2025,15:44:11,GOOG,250,190.93,Sell
01/02/2025,15:44:11,AMZN,250,222.02,Buy
01/02/2025,15:45:11,GOOG,250,190.90,Buy
01/02/2025,15:54:11,AAPL,250,245.47,Sell
01/02/2025,15:55:11,AAPL,250,245.65,Buy
01/02/2025,15:55:11,AAPL,250,245.70,Sell
01/02/2025,15:55:11,MSFT,250,422.70,Sell
01/02/2025,15:56:11,MSFT,250,422.67,Sell
01/02/2025,15:56:11,AAPL,250,245.61,Buy
01/02/2025,15:56:11,AMZN,250,223.24,Sell
01/02/2025,15:57:11,MSFT,250,422.62,Sell
01/02/2025,15:57:11,GOOG,250,191.50,Sell
01/02/2025,15:57:11,AMZN,250,223.06,Sell
01/02/2025,15:58:11,AAPL,250,245.66,Sell
01/02/2025,15:58:11,GOOG,250,191.47,Buy
01/02/2025,15:58:11,GOOG,250,191.50,Sell
01/02/2025,15:59:11,AAPL,250,245.31,Buy
01/02/2025,15:59:11,AMZN,250,222.67,Sell
01/02/2025,16:00:11,GOOG,250,191.32,Sell
01/02/2025,16:01:11,GOOG,250,191.22,Buy
01/02/2025,16:02:11,GOOG,250,191.32,Buy
01/02/2025,16:08:11,MSFT,250,420.70,Buy
01/02/2025,16:09:11,MSFT,250,420.57,Buy
01/02/2025,16:10:11,AAPL,250,244.43,Sell
01/02/2025,16:11:11,AAPL,250,244.20,Buy
01/02/2025,16:11:11,AAPL,250,244.22,Sell
01/02/2025,16:12:11,AAPL,250,244.43,Buy
01/02/2025,16:13:11,GOOG,250,190.96,Sell
01/02/2025,16:13:11,AMZN,250,222.07,Buy
01/02/2025,16:14:11,AAPL,250,244.33,Sell
01/02/2025,16:14:11,GOOG,250,191.18,Buy
01/02/2025,16:15:11,AMZN,250,222.51,Buy
01/02/2025,16:15:11,AAPL,250,244.34,Buy
01/02/2025,16:16:11,MSFT,250,420.93,Buy
01/02/2025,16:16:11,GOOG,250,191.09,Sell
01/02/2025,16:17:11,GOOG,250,191.39,Sell
01/02/2025,16:17:11,AMZN,250,222.62,Buy
01/02/2025,16:20:11,GOOG,250,191.45,Buy
01/02/2025,16:22:09,META,250,596.73,Buy
01/02/2025,16:23:11,MSFT,250,420.91,Sell
01/02/2025,16:24:11,MSFT,250,421.73,Sell
01/02/2025,16:26:11,AAPL,250,244.70,Sell
01/02/2025,16:27:11,AAPL,250,244.88,Buy
01/02/2025,16:27:11,AAPL,250,244.91,Sell
01/02/2025,16:28:11,MSFT,250,421.40,Buy
01/02/2025,16:28:11,AMZN,250,223.12,Sell
01/02/2025,16:29:11,AMZN,250,223.03,Buy
01/02/2025,16:29:11,AAPL,250,244.91,Buy
01/02/2025,16:29:11,GOOG,250,191.51,Sell
01/02/2025,16:30:11,AAPL,250,244.80,Sell
01/02/2025,16:30:11,AMZN,250,222.89,Sell
01/02/2025,16:31:11,MSFT,250,421.44,Sell
01/02/2025,16:32:11,AMZN,250,223.10,Sell
01/02/2025,16:32:11,GOOG,250,191.50,Buy
01/02/2025,16:35:11,GOOG,250,191.68,Sell
01/02/2025,16:36:11,GOOG,250,191.73,Buy
01/02/2025,16:37:11,META,250,598.85,Sell
01/02/2025,16:39:11,GOOG,250,191.55,Buy
01/02/2025,16:42:11,AAPL,250,244.94,Sell
01/02/2025,16:43:11,MSFT,250,421.68,Sell
01/02/2025,16:44:11,AMZN,250,223.44,Sell
01/02/2025,16:44:11,AAPL,250,244.81,Sell
01/02/2025,16:47:11,GOOG,250,191.63,Sell
01/02/2025,16:50:11,GOOG,250,191.84,Buy
01/02/2025,16:51:11,GOOG,250,191.95,Sell
01/02/2025,16:53:11,GOOG,250,191.55,Buy
01/02/2025,16:54:11,GOOG,250,191.65,Sell
01/02/2025,16:55:11,AAPL,250,244.61,Buy
01/02/2025,16:59:11,GOOG,250,191.51,Buy
01/02/2025,16:59:11,AAPL,250,244.61,Buy
01/02/2025,17:00:11,AAPL,250,244.61,Buy
01/02/2025,17:04:11,AMZN,250,223.12,Buy
01/02/2025,17:05:11,AMZN,250,223.23,Buy
01/02/2025,17:05:11,GOOG,250,191.58,Sell
01/02/2025,17:07:11,AMZN,250,223.05,Buy
01/02/2025,17:08:11,GOOG,250,191.30,Sell
01/02/2025,17:10:11,AAPL,250,244.80,Sell
01/02/2025,17:11:11,GOOG,250,191.48,Buy
01/02/2025,17:12:11,AAPL,250,244.83,Buy
01/02/2025,17:13:11,GOOG,250,191.58,Buy
01/02/2025,17:14:11,AAPL,250,245.21,Sell
01/02/2025,17:14:11,GOOG,250,191.82,Sell
01/02/2025,17:15:11,AAPL,250,245.06,Sell
01/02/2025,17:18:11,GOOG,250,191.34,Buy
01/02/2025,17:19:11,AMZN,250,222.73,Sell
01/02/2025,17:20:11,AMZN,250,222.71,Sell
01/02/2025,17:22:11,AMZN,250,222.62,Sell
01/02/2025,17:23:11,MSFT,250,420.00,Buy
01/02/2025,17:23:11,AAPL,250,244.38,Buy
01/02/2025,17:24:11,AAPL,250,244.15,Buy
01/02/2025,17:25:09,META,250,597.90,Buy
01/02/2025,17:25:11,MSFT,250,419.50,Buy
01/02/2025,17:26:11,GOOG,250,190.64,Sell
01/02/2025,17:26:11,MSFT,250,419.43,Buy
01/02/2025,17:27:11,GOOG,250,190.26,Buy
01/02/2025,17:27:11,AAPL,250,243.72,Sell
01/02/2025,17:28:11,AAPL,250,243.45,Buy
01/02/2025,17:28:11,GOOG,250,189.82,Sell
01/02/2025,17:28:11,AMZN,250,221.24,Buy
01/02/2025,17:29:11,GOOG,250,189.50,Buy
01/02/2025,17:30:11,AMZN,250,220.61,Buy
01/02/2025,17:33:11,GOOG,250,189.48,Sell
01/02/2025,17:34:11,GOOG,250,189.40,Buy
01/02/2025,17:38:11,MSFT,250,416.70,Sell
01/02/2025,17:38:11,AAPL,250,242.73,Sell
01/02/2025,17:39:11,AAPL,250,242.65,Buy
01/02/2025,17:39:11,AAPL,250,242.69,Sell
01/02/2025,17:39:11,MSFT,250,416.50,Buy
01/02/2025,17:40:11,MSFT,250,416.40,Sell
01/02/2025,17:40:11,META,250,592.01,Sell
01/02/2025,17:40:11,AAPL,250,242.53,Buy
01/02/2025,17:41:10,MSFT,250,416.33,Buy
01/02/2025,17:41:10,MSFT,250,416.49,Sell
01/02/2025,17:42:11,GOOG,250,189.19,Sell
01/02/2025,17:42:11,MSFT,250,416.12,Buy
01/02/2025,17:43:11,AAPL,250,242.64,Sell
01/02/2025,17:43:11,GOOG,250,189.05,Buy
01/02/2025,17:43:11,AMZN,250,219.18,Sell
01/02/2025,17:44:11,AMZN,250,219.37,Buy
01/02/2025,17:44:11,AAPL,250,242.71,Buy
01/02/2025,17:44:11,GOOG,250,189.31,Sell
01/02/2025,17:45:11,GOOG,250,189.19,Buy
01/02/2025,17:45:11,AMZN,250,219.05,Buy
01/02/2025,17:45:11,AMZN,250,219.10,Sell
01/02/2025,17:47:11,AMZN,250,218.91,Buy
01/02/2025,17:49:11,GOOG,250,189.23,Sell
01/02/2025,17:50:11,GOOG,250,188.99,Buy
01/02/2025,17:54:11,MSFT,250,416.10,Sell
01/02/2025,17:54:11,AAPL,250,242.82,Sell
01/02/2025,17:55:11,MSFT,250,415.84,Buy
01/02/2025,17:55:11,AAPL,250,242.86,Buy
01/02/2025,17:55:11,AAPL,250,242.87,Sell
01/02/2025,17:56:10,MSFT,250,415.75,Sell
01/02/2025,17:56:11,AAPL,250,242.75,Buy
01/02/2025,17:57:11,MSFT,250,416.03,Buy
01/02/2025,17:57:11,MSFT,250,416.15,Sell
01/02/2025,17:58:10,MSFT,250,416.00,Buy
01/02/2025,17:58:11,GOOG,250,189.78,Sell
01/02/2025,17:59:11,AAPL,250,243.02,Sell
01/02/2025,17:59:11,GOOG,250,189.79,Buy
01/02/2025,17:59:11,AMZN,250,219.55,Sell
01/02/2025,18:00:11,AMZN,250,219.24,Buy
01/02/2025,18:00:11,AMZN,250,219.28,Sell
01/02/2025,18:00:11,GOOG,250,189.78,Sell
01/02/2025,18:00:11,AAPL,250,242.93,Buy
01/02/2025,18:01:11,AMZN,250,218.92,Buy
01/02/2025,18:02:11,AMZN,250,218.98,Sell
01/02/2025,18:02:11,GOOG,250,189.56,Buy
01/02/2025,18:03:11,AMZN,250,219.05,Buy
01/02/2025,18:05:11,GOOG,250,189.57,Sell
01/02/2025,18:10:10,MSFT,250,416.28,Sell
01/02/2025,18:10:11,AAPL,250,242.99,Sell
01/02/2025,18:11:11,AAPL,250,242.84,Buy
01/02/2025,18:11:11,AAPL,250,242.89,Sell
01/02/2025,18:12:11,MSFT,250,415.70,Sell
01/02/2025,18:12:11,AAPL,250,242.70,Buy
01/02/2025,18:13:11,MSFT,250,415.53,Sell
01/02/2025,18:14:11,GOOG,250,189.83,Buy
01/02/2025,18:14:11,GOOG,250,189.85,Sell
01/02/2025,18:15:11,AMZN,250,219.09,Sell
01/02/2025,18:15:11,AAPL,250,242.56,Sell
01/02/2025,18:16:11,AAPL,250,242.42,Buy
01/02/2025,18:16:11,AMZN,250,218.80,Sell
01/02/2025,18:17:11,AMZN,250,219.00,Buy
01/02/2025,18:17:11,GOOG,250,189.71,Sell
01/02/2025,18:18:11,AMZN,250,218.95,Sell
01/02/2025,18:20:11,AMZN,250,219.33,Buy
01/02/2025,18:20:11,GOOG,250,189.97,Buy
01/02/2025,18:21:11,AMZN,250,219.31,Buy
01/02/2025,18:24:11,GOOG,250,189.95,Buy
01/02/2025,18:26:11,AAPL,250,242.62,Sell
01/02/2025,18:27:11,AAPL,250,242.59,Buy
01/02/2025,18:27:11,AAPL,250,242.62,Sell
01/02/2025,18:28:11,AAPL,250,242.61,Buy
01/02/2025,18:29:11,GOOG,250,189.90,Sell
01/02/2025,18:31:11,AAPL,250,242.51,Sell
01/02/2025,18:32:11,GOOG,250,189.39,Buy
01/02/2025,18:32:11,AAPL,250,242.30,Buy
01/02/2025,18:32:11,AMZN,250,218.77,Sell
01/02/2025,18:33:11,AMZN,250,218.71,Buy
01/02/2025,18:35:11,GOOG,250,189.52,Sell
01/02/2025,18:35:11,AMZN,250,218.67,Sell
01/02/2025,18:36:11,AMZN,250,218.83,Buy
01/02/2025,18:36:11,AMZN,250,218.87,Sell
01/02/2025,18:38:11,AMZN,250,219.18,Buy
01/02/2025,18:39:11,GOOG,250,189.63,Buy
01/02/2025,18:39:11,GOOG,250,189.66,Sell
01/02/2025,18:42:11,AAPL,250,242.35,Sell
01/02/2025,18:43:11,AAPL,250,242.39,Sell
01/02/2025,18:44:11,AAPL,250,242.57,Buy
01/02/2025,18:46:11,GOOG,250,189.84,Buy
01/02/2025,18:46:11,AAPL,250,242.60,Buy
01/02/2025,18:47:11,GOOG,250,189.85,Sell
01/02/2025,18:47:11,AAPL,250,242.52,Sell
01/02/2025,18:48:11,AMZN,250,219.19,Sell
01/02/2025,18:49:11,AAPL,250,242.26,Buy
01/02/2025,18:49:11,AMZN,250,218.73,Buy
01/02/2025,18:51:11,AMZN,250,218.90,Sell
01/02/2025,18:53:11,AMZN,250,218.87,Sell
01/02/2025,18:54:11,GOOG,250,189.51,Sell
01/02/2025,18:56:11,AMZN,250,219.07,Buy
01/02/2025,18:57:11,AMZN,250,218.94,Buy
01/02/2025,18:59:11,GOOG,250,190.08,Buy
01/02/2025,18:59:11,AAPL,250,242.29,Sell
01/02/2025,19:00:11,AAPL,250,242.23,Buy
01/02/2025,19:01:11,AAPL,250,242.17,Sell
01/02/2025,19:01:11,GOOG,250,190.03,Sell
01/02/2025,19:02:11,GOOG,250,189.92,Buy
01/02/2025,19:03:11,AAPL,250,242.20,Buy
01/02/2025,19:04:11,AAPL,250,242.24,Sell
01/02/2025,19:04:11,AMZN,250,219.49,Sell
01/02/2025,19:05:11,GOOG,250,190.33,Buy
01/02/2025,19:05:11,AMZN,250,219.63,Buy
01/02/2025,19:06:11,AAPL,250,242.49,Buy
01/02/2025,19:11:11,AMZN,250,219.52,Sell
01/02/2025,19:12:11,AMZN,250,219.60,Sell
01/02/2025,19:14:11,GOOG,250,190.14,Sell
01/02/2025,19:15:10,AAPL,250,242.26,Sell
01/02/2025,19:16:11,GOOG,250,190.05,Buy
01/02/2025,19:17:11,GOOG,250,190.12,Sell
01/02/2025,19:18:11,AAPL,250,242.26,Sell
01/02/2025,19:20:11,AMZN,250,219.58,Buy
01/02/2025,19:20:11,AMZN,250,219.61,Sell
01/02/2025,19:20:11,GOOG,250,190.22,Buy
01/02/2025,19:20:11,GOOG,250,190.24,Sell
01/02/2025,19:21:11,AAPL,250,242.28,Sell
01/02/2025,19:22:11,AMZN,250,219.66,Buy
01/02/2025,19:23:11,META,250,595.62,Buy
01/02/2025,19:23:11,AMZN,250,219.78,Buy
01/02/2025,19:26:11,META,250,595.49,Buy
01/02/2025,19:31:11,GOOG,250,190.31,Buy
01/02/2025,19:31:11,GOOG,250,190.33,Sell
01/02/2025,19:31:11,META,250,595.55,Buy
01/02/2025,19:33:11,GOOG,250,190.31,Buy
01/02/2025,19:35:11,AMZN,250,219.68,Sell
01/02/2025,19:35:11,GOOG,250,190.24,Sell
01/02/2025,19:37:11,AMZN,250,219.44,Buy
01/02/2025,19:37:11,AMZN,250,219.49,Sell
01/02/2025,19:38:11,META,250,595.29,Sell
01/02/2025,19:38:11,AMZN,250,219.73,Sell
01/02/2025,19:40:11,META,250,594.62,Buy
01/02/2025,19:40:11,AMZN,250,219.60,Buy
01/02/2025,19:41:11,META,250,595.25,Sell
01/02/2025,19:41:11,AMZN,250,219.74,Buy
01/02/2025,19:42:11,META,250,595.10,Buy
01/02/2025,19:46:09,META,250,595.13,Sell
01/02/2025,19:46:11,GOOG,250,190.13,Sell
01/02/2025,19:47:11,META,250,595.10,Buy
01/02/2025,19:47:11,AAPL,250,242.39,Buy
01/02/2025,19:48:11,GOOG,250,190.25,Sell
01/02/2025,19:49:11,AAPL,250,242.48,Buy
01/02/2025,19:50:11,AAPL,250,242.39,Buy
01/02/2025,19:52:11,AMZN,250,220.23,Sell
01/02/2025,19:52:11,GOOG,250,190.39,Buy
01/02/2025,19:54:11,GOOG,250,190.39,Buy
01/02/2025,19:55:11,META,250,595.89,Sell
01/02/2025,19:55:11,GOOG,250,190.42,Buy
01/02/2025,19:55:11,AMZN,250,220.27,Sell
01/02/2025,19:56:10,AMZN,250,220.06,Sell
01/02/2025,19:57:11,META,250,594.76,Buy
01/02/2025,19:57:11,META,250,594.96,Sell
01/02/2025,20:00:11,META,250,594.07,Buy
01/02/2025,20:02:11,META,250,594.65,Sell
01/02/2025,20:02:11,AAPL,250,242.15,Sell
01/02/2025,20:03:11,AAPL,250,242.31,Buy
01/02/2025,20:03:11,META,250,595.19,Buy
01/02/2025,20:04:11,AAPL,250,242.37,Sell
01/02/2025,20:05:11,AAPL,250,242.47,Buy
01/02/2025,20:05:11,AAPL,250,242.51,Sell
01/02/2025,20:07:11,GOOG,250,190.34,Sell
01/02/2025,20:09:11,GOOG,250,190.41,Buy
01/02/2025,20:09:11,GOOG,250,190.44,Sell
01/02/2025,20:10:11,GOOG,250,190.41,Sell
01/02/2025,20:12:11,META,250,596.60,Sell
01/02/2025,20:12:11,AMZN,250,220.43,Buy
01/02/2025,20:13:11,AAPL,250,243.31,Buy
01/02/2025,20:14:11,META,250,596.86,Buy
01/02/2025,20:15:11,META,250,596.80,Sell
01/02/2025,20:15:11,GOOG,250,190.52,Buy
01/02/2025,20:16:11,GOOG,250,190.46,Buy
01/02/2025,20:18:10,META,250,596.56,Sell
01/02/2025,20:18:11,AAPL,250,243.38,Sell
01/02/2025,20:20:11,AAPL,250,243.39,Sell
01/02/2025,20:21:11,META,250,596.06,Buy
01/02/2025,20:24:11,GOOG,250,190.52,Sell
01/02/2025,20:27:10,META,250,596.32,Buy
01/02/2025,20:27:11,AMZN,250,220.25,Sell
01/02/2025,20:28:11,AAPL,250,243.17,Sell
01/02/2025,20:29:11,META,250,596.79,Sell
01/02/2025,20:29:11,GOOG,250,190.42,Buy
01/02/2025,20:30:11,GOOG,250,190.46,Sell
01/02/2025,20:31:11,GOOG,250,190.48,Sell
01/02/2025,20:34:11,META,250,596.85,Buy
01/02/2025,20:35:11,AAPL,250,243.27,Buy
01/02/2025,20:36:11,META,250,596.47,Sell
01/02/2025,20:36:11,GOOG,250,190.49,Buy
01/02/2025,20:36:11,AAPL,250,243.25,Buy
01/02/2025,20:36:11,AMZN,250,220.13,Buy
01/02/2025,20:37:11,AMZN,250,220.10,Buy
01/02/2025,20:37:11,META,250,596.07,Buy
01/02/2025,20:38:11,AMZN,250,220.09,Buy
01/02/2025,20:39:11,GOOG,250,190.48,Buy
01/02/2025,20:42:11,META,250,596.55,Sell
01/02/2025,20:42:11,AAPL,250,243.41,Buy
01/02/2025,20:44:10,META,250,596.58,Buy
01/02/2025,20:44:11,GOOG,250,190.52,Sell
01/02/2025,20:46:11,GOOG,250,190.51,Buy
01/02/2025,20:49:11,META,250,597.85,Sell
01/02/2025,20:50:11,AAPL,250,243.68,Sell
01/02/2025,20:51:11,GOOG,250,190.57,Sell
01/02/2025,20:51:11,AMZN,250,220.21,Sell
01/02/2025,20:51:11,AAPL,250,243.62,Sell
01/02/2025,20:52:11,META,250,597.43,Buy
01/02/2025,20:52:11,META,250,597.76,Sell
01/02/2025,20:52:11,AAPL,250,243.39,Buy
01/02/2025,20:52:11,AMZN,250,219.95,Sell
01/02/2025,20:53:11,AMZN,250,220.11,Sell
01/02/2025,20:53:11,AAPL,250,243.63,Buy
01/02/2025,20:54:11,GOOG,250,190.57,Sell
01/02/2025,20:57:11,AAPL,250,243.61,Sell
01/02/2025,20:58:11,AAPL,250,243.57,Buy
01/02/2025,20:59:11,META,250,599.40,Sell
01/02/2025,21:01:10,GOOG,250,190.53,Sell
01/02/2025,21:07:08,AAPL,250,243.80,Sell
01/02/2025,21:07:08,META,250,599.84,Sell
01/02/2025,21:07:55,AAPL,250,243.75,Sell
01/02/2025,21:12:57,AAPL,250,243.64,Sell
01/03/2025,14:30:11,MSFT,250,420.82,Buy
01/03/2025,14:31:11,MSFT,250,421.28,Buy
01/03/2025,14:31:11,AAPL,250,242.92,Buy
01/03/2025,14:32:11,MSFT,250,421.23,Buy
01/03/2025,14:33:11,META,250,606.54,Buy
01/03/2025,14:35:11,META,250,606.85,Buy
01/03/2025,14:36:11,GOOG,250,193.41,Sell
01/03/2025,14:36:11,META,250,605.90,Buy
01/03/2025,14:44:11,AAPL,250,243.72,Buy
01/03/2025,14:45:11,MSFT,250,422.28,Sell
01/03/2025,14:46:11,MSFT,250,422.67,Buy
01/03/2025,14:46:11,MSFT,250,422.77,Sell
01/03/2025,14:46:11,AAPL,250,244.06,Sell
01/03/2025,14:47:11,MSFT,250,421.88,Buy
01/03/2025,14:47:11,MSFT,250,422.02,Sell
01/03/2025,14:48:11,META,250,605.45,Sell
01/03/2025,14:48:11,MSFT,250,421.50,Buy
01/03/2025,14:49:11,META,250,604.40,Buy
01/03/2025,14:50:11,META,250,605.33,Sell
01/03/2025,14:51:11,GOOG,250,193.30,Buy
01/03/2025,14:51:11,META,250,604.61,Sell
01/03/2025,14:53:11,META,250,602.16,Buy
01/03/2025,14:56:11,META,250,602.90,Buy
01/03/2025,14:59:11,AAPL,250,242.97,Sell
01/03/2025,15:01:11,MSFT,250,422.57,Sell
01/03/2025,15:02:11,MSFT,250,422.12,Buy
01/03/2025,15:02:11,MSFT,250,422.30,Sell
01/03/2025,15:03:11,MSFT,250,422.57,Buy
01/03/2025,15:03:11,MSFT,250,422.71,Sell
01/03/2025,15:04:11,META,250,603.34,Sell
01/03/2025,15:04:11,MSFT,250,423.05,Buy
01/03/2025,15:05:11,AAPL,250,243.82,Buy
01/03/2025,15:05:11,GOOG,250,193.08,Buy
01/03/2025,15:06:11,GOOG,250,193.25,Buy
01/03/2025,15:07:11,GOOG,250,192.65,Buy
01/03/2025,15:08:11,META,250,603.46,Sell
01/03/2025,15:11:11,META,250,601.97,Sell
01/03/2025,15:13:10,META,250,600.48,Buy
01/03/2025,15:14:11,META,250,600.20,Buy
01/03/2025,15:15:11,META,250,600.19,Buy
01/03/2025,15:17:11,MSFT,250,421.58,Sell
01/03/2025,15:18:11,MSFT,250,420.92,Buy
01/03/2025,15:18:11,MSFT,250,421.14,Sell
01/03/2025,15:19:11,MSFT,250,421.16,Buy
01/03/2025,15:19:11,MSFT,250,421.28,Sell
01/03/2025,15:20:11,MSFT,250,421.05,Buy
01/03/2025,15:20:11,AAPL,250,243.03,Sell
01/03/2025,15:20:11,GOOG,250,191.86,Sell
01/03/2025,15:21:11,GOOG,250,191.38,Buy
01/03/2025,15:21:11,GOOG,250,191.41,Sell
01/03/2025,15:21:11,AMZN,250,221.62,Buy
01/03/2025,15:21:11,AAPL,250,242.44,Buy
01/03/2025,15:22:11,AMZN,250,221.80,Buy
01/03/2025,15:22:11,AAPL,250,242.53,Buy
01/03/2025,15:22:11,GOOG,250,191.61,Buy
01/03/2025,15:22:11,GOOG,250,191.66,Sell
01/03/2025,15:23:11,AMZN,250,222.11,Buy
01/03/2025,15:23:11,GOOG,250,191.79,Buy
01/03/2025,15:28:10,META,250,599.30,Sell
01/03/2025,15:29:11,META,250,599.38,Buy
01/03/2025,15:29:11,META,250,599.88,Sell
01/03/2025,15:30:11,META,250,598.09,Sell
01/03/2025,15:33:11,MSFT,250,421.24,Sell
01/03/2025,15:34:09,MSFT,250,421.36,Buy
01/03/2025,15:34:09,MSFT,250,421.48,Sell
01/03/2025,15:35:11,MSFT,250,421.24,Buy
01/03/2025,15:35:11,MSFT,250,421.40,Sell
01/03/2025,15:35:11,AAPL,250,242.41,Buy
01/03/2025,15:36:11,GOOG,250,192.53,Sell
01/03/2025,15:36:11,AMZN,250,222.92,Sell
01/03/2025,15:36:11,AAPL,250,242.80,Sell
01/03/2025,15:37:10,AAPL,250,242.70,Sell
01/03/2025,15:37:11,GOOG,250,192.57,Sell
01/03/2025,15:37:11,AMZN,250,223.21,Sell
01/03/2025,15:38:11,AAPL,250,242.60,Buy
01/03/2025,15:38:11,AMZN,250,222.89,Sell
01/03/2025,15:38:11,GOOG,250,192.27,Sell
01/03/2025,15:39:11,MSFT,250,421.09,Buy
01/03/2025,15:39:11,AMZN,250,222.77,Buy
01/03/2025,15:39:11,GOOG,250,192.11,Buy
01/03/2025,15:40:11,META,250,598.16,Buy
01/03/2025,15:40:11,AMZN,250,222.84,Buy
01/03/2025,15:40:11,GOOG,250,192.17,Buy
01/03/2025,15:41:11,META,250,598.40,Buy
01/03/2025,15:41:11,AAPL,250,242.59,Buy
01/03/2025,15:41:11,GOOG,250,192.25,Buy
01/03/2025,15:44:11,META,250,599.65,Sell
01/03/2025,15:45:11,AMZN,250,223.06,Buy
01/03/2025,15:49:11,MSFT,250,421.53,Sell
01/03/2025,15:50:11,MSFT,250,421.28,Buy
01/03/2025,15:50:11,MSFT,250,421.46,Sell
01/03/2025,15:50:11,AAPL,250,242.95,Sell
01/03/2025,15:51:11,MSFT,250,421.05,Buy
01/03/2025,15:53:11,META,250,598.00,Buy
01/03/2025,15:53:11,AAPL,250,242.90,Buy
01/03/2025,15:53:11,AAPL,250,242.93,Sell
01/03/2025,15:54:11,MSFT,250,420.97,Sell
01/03/2025,15:54:11,AMZN,250,222.54,Sell
01/03/2025,15:54:11,GOOG,250,191.99,Sell
01/03/2025,15:55:09,MSFT,250,421.00,Buy
01/03/2025,15:55:11,META,250,598.06,Sell
01/03/2025,15:55:11,GOOG,250,192.02,Sell
01/03/2025,15:55:11,AMZN,250,222.51,Sell
01/03/2025,15:56:11,GOOG,250,192.13,Sell
01/03/2025,15:56:11,AAPL,250,243.01,Sell
01/03/2025,15:56:11,META,250,597.55,Buy
01/03/2025,15:56:11,META,250,597.90,Sell
01/03/2025,15:57:11,META,250,598.09,Buy
01/03/2025,15:59:11,AMZN,250,222.74,Buy
01/03/2025,16:00:11,AMZN,250,222.76,Buy
01/03/2025,16:00:11,AMZN,250,222.80,Sell
01/03/2025,16:01:11,AMZN,250,222.64,Buy
01/03/2025,16:04:11,GOOG,250,192.43,Buy
01/03/2025,16:05:10,MSFT,250,421.08,Sell
01/03/2025,16:06:11,MSFT,250,420.65,Buy
01/03/2025,16:06:11,MSFT,250,420.78,Sell
01/03/2025,16:07:10,MSFT,250,420.53,Buy
01/03/2025,16:08:11,META,250,598.20,Sell
01/03/2025,16:08:11,AAPL,250,243.21,Sell
01/03/2025,16:10:10,MSFT,250,419.96,Sell
01/03/2025,16:11:11,META,250,597.11,Buy
01/03/2025,16:11:11,META,250,597.31,Sell
01/03/2025,16:11:11,MSFT,250,419.70,Buy
01/03/2025,16:11:11,GOOG,250,191.65,Buy
01/03/2025,16:12:11,META,250,597.61,Sell
01/03/2025,16:13:11,GOOG,250,191.87,Buy
01/03/2025,16:14:11,AMZN,250,222.77,Sell
01/03/2025,16:15:11,AMZN,250,222.71,Buy
01/03/2025,16:15:11,AMZN,250,222.75,Sell
01/03/2025,16:16:11,AMZN,250,222.88,Buy
01/03/2025,16:16:11,AMZN,250,222.93,Sell
01/03/2025,16:16:11,META,250,597.35,Buy
01/03/2025,16:17:11,AMZN,250,223.02,Buy
01/03/2025,16:18:11,META,250,596.70,Buy
01/03/2025,16:19:11,GOOG,250,191.93,Sell
01/03/2025,16:21:10,MSFT,250,420.28,Sell
01/03/2025,16:22:10,MSFT,250,420.83,Sell
01/03/2025,16:24:11,GOOG,250,192.03,Buy
01/03/2025,16:26:11,META,250,598.00,Sell
01/03/2025,16:26:11,MSFT,250,421.13,Sell
01/03/2025,16:26:11,GOOG,250,192.18,Sell
01/03/2025,16:27:11,GOOG,250,192.25,Buy
01/03/2025,16:28:11,GOOG,250,192.39,Sell
01/03/2025,16:30:11,AMZN,250,223.58,Sell
01/03/2025,16:31:11,META,250,598.94,Sell
01/03/2025,16:31:11,AMZN,250,223.85,Sell
01/03/2025,16:32:11,AMZN,250,223.93,Sell
01/03/2025,16:33:11,META,250,599.68,Sell
01/03/2025,16:39:11,GOOG,250,193.05,Sell
01/03/2025,16:42:11,GOOG,250,193.28,Sell
01/03/2025,17:04:11,AAPL,250,243.21,Buy
01/03/2025,17:06:11,AAPL,250,243.17,Buy
01/03/2025,17:06:11,GOOG,250,193.68,Buy
01/03/2025,17:07:11,AAPL,250,243.09,Buy
01/03/2025,17:08:11,GOOG,250,193.56,Buy
01/03/2025,17:09:11,GOOG,250,193.56,Buy
01/03/2025,17:19:11,AAPL,250,242.84,Sell
01/03/2025,17:20:11,AMZN,250,224.00,Buy
01/03/2025,17:21:11,AAPL,250,242.70,Buy
01/03/2025,17:21:11,AAPL,250,242.72,Sell
01/03/2025,17:21:11,GOOG,250,193.21,Sell
01/03/2025,17:22:11,AAPL,250,242.81,Sell
01/03/2025,17:22:11,AMZN,250,224.00,Buy
01/03/2025,17:22:11,GOOG,250,193.35,Buy
01/03/2025,17:23:10,AMZN,250,224.05,Buy
01/03/2025,17:23:11,GOOG,250,193.46,Sell
01/03/2025,17:24:11,GOOG,250,193.44,Buy
01/03/2025,17:24:11,GOOG,250,193.47,Sell
01/03/2025,17:25:11,GOOG,250,193.48,Buy
01/03/2025,17:27:11,AAPL,250,242.88,Buy
01/03/2025,17:28:10,AAPL,250,242.89,Buy
01/03/2025,17:35:11,AMZN,250,224.04,Sell
01/03/2025,17:36:11,AAPL,250,242.68,Sell
01/03/2025,17:36:11,AMZN,250,224.03,Buy
01/03/2025,17:37:10,AMZN,250,224.01,Sell
01/03/2025,17:37:11,GOOG,250,193.23,Sell
01/03/2025,17:38:10,AMZN,250,223.98,Buy
01/03/2025,17:38:10,AMZN,250,224.01,Sell
01/03/2025,17:38:11,GOOG,250,193.21,Buy
01/03/2025,17:39:11,AMZN,250,223.97,Buy
01/03/2025,17:39:11,GOOG,250,193.23,Sell
01/03/2025,17:40:11,GOOG,250,193.20,Buy
01/03/2025,17:40:11,GOOG,250,193.24,Sell
01/03/2025,17:42:11,AAPL,250,242.68,Sell
01/03/2025,17:43:11,AAPL,250,242.66,Sell
01/03/2025,17:47:11,GOOG,250,193.08,Buy
01/03/2025,17:51:11,AMZN,250,223.67,Sell
01/03/2025,17:52:11,AMZN,250,223.57,Buy
01/03/2025,17:53:11,GOOG,250,193.23,Sell
01/03/2025,17:53:11,AMZN,250,223.63,Sell
01/03/2025,17:54:11,AMZN,250,223.68,Buy
01/03/2025,17:54:11,AMZN,250,223.71,Sell
01/03/2025,17:55:11,AMZN,250,223.53,Buy
01/03/2025,17:55:11,GOOG,250,193.31,Sell
01/03/2025,17:58:11,AAPL,250,242.47,Buy
01/03/2025,17:59:11,GOOG,250,193.28,Buy
01/03/2025,18:01:11,GOOG,250,193.18,Buy
01/03/2025,18:02:11,MSFT,250,421.52,Buy
01/03/2025,18:02:11,GOOG,250,193.16,Sell
01/03/2025,18:03:11,MSFT,250,421.69,Buy
01/03/2025,18:03:11,GOOG,250,193.28,Buy
01/03/2025,18:05:11,MSFT,250,421.67,Buy
01/03/2025,18:07:09,AMZN,250,223.38,Sell
01/03/2025,18:08:11,AMZN,250,223.34,Buy
01/03/2025,18:09:10,AMZN,250,223.47,Sell
01/03/2025,18:10:11,AMZN,250,223.38,Buy
01/03/2025,18:10:11,AMZN,250,223.40,Sell
01/03/2025,18:11:11,AMZN,250,223.32,Buy
01/03/2025,18:13:11,AAPL,250,242.84,Sell
01/03/2025,18:14:11,GOOG,250,193.28,Sell
01/03/2025,18:15:11,GOOG,250,193.38,Buy
01/03/2025,18:16:11,GOOG,250,193.38,Sell
01/03/2025,18:17:11,MSFT,250,422.21,Sell
01/03/2025,18:18:11,MSFT,250,422.06,Buy
01/03/2025,18:18:11,MSFT,250,422.15,Sell
01/03/2025,18:18:11,GOOG,250,193.49,Sell
01/03/2025,18:19:10,MSFT,250,422.02,Buy
01/03/2025,18:20:11,MSFT,250,422.06,Sell
01/03/2025,18:21:11,MSFT,250,422.03,Buy
01/03/2025,18:23:11,AMZN,250,223.63,Sell
01/03/2025,18:24:11,AMZN,250,223.73,Buy
01/03/2025,18:25:11,AMZN,250,223.76,Sell
01/03/2025,18:26:11,AMZN,250,223.75,Sell
01/03/2025,18:30:11,GOOG,250,193.71,Sell
01/03/2025,18:33:11,MSFT,250,422.76,Sell
01/03/2025,18:34:07,MSFT,250,422.57,Buy
01/03/2025,18:34:07,MSFT,250,422.65,Sell
01/03/2025,18:34:11,AMZN,250,223.78,Buy
01/03/2025,18:35:08,MSFT,250,422.57,Buy
01/03/2025,18:36:11,MSFT,250,422.89,Sell
01/03/2025,18:37:11,MSFT,250,422.78,Buy
01/03/2025,18:38:11,GOOG,250,193.51,Buy
01/03/2025,18:39:10,AMZN,250,223.89,Sell
01/03/2025,18:41:11,AMZN,250,223.93,Buy
01/03/2025,18:42:11,GOOG,250,193.61,Buy
01/03/2025,18:43:11,GOOG,250,193.60,Buy
01/03/2025,18:49:07,MSFT,250,423.53,Sell
01/03/2025,18:49:10,AMZN,250,224.06,Sell
01/03/2025,18:50:07,MSFT,250,423.31,Buy
01/03/2025,18:50:07,MSFT,250,423.40,Sell
01/03/2025,18:50:11,AMZN,250,223.89,Buy
01/03/2025,18:51:11,MSFT,250,423.11,Buy
01/03/2025,18:52:05,MSFT,250,423.20,Sell
01/03/2025,18:53:09,GOOG,250,193.54,Sell
01/03/2025,18:53:11,MSFT,250,423.12,Buy
01/03/2025,18:55:11,AMZN,250,223.91,Buy
01/03/2025,18:56:10,GOOG,250,193.67,Buy
01/03/2025,18:56:11,AMZN,250,224.02,Sell
01/03/2025,18:57:11,GOOG,250,193.67,Sell
01/03/2025,18:58:11,GOOG,250,193.64,Sell
01/03/2025,19:02:11,GOOG,250,193.51,Buy
01/03/2025,19:03:11,GOOG,250,193.49,Buy
01/03/2025,19:04:10,AMZN,250,223.90,Buy
01/03/2025,19:05:11,MSFT,250,423.16,Sell
01/03/2025,19:05:11,AMZN,250,223.83,Sell
01/03/2025,19:06:11,MSFT,250,422.88,Buy
01/03/2025,19:06:11,MSFT,250,423.08,Sell
01/03/2025,19:06:11,AMZN,250,223.87,Buy
01/03/2025,19:07:10,MSFT,250,422.91,Buy
01/03/2025,19:08:11,MSFT,250,423.07,Sell
01/03/2025,19:09:11,MSFT,250,423.05,Buy
01/03/2025,19:10:11,AMZN,250,223.86,Sell
01/03/2025,19:11:11,GOOG,250,193.62,Sell
01/03/2025,19:12:11,GOOG,250,193.57,Buy
01/03/2025,19:12:11,AMZN,250,223.81,Buy
01/03/2025,19:17:09,GOOG,250,193.65,Sell
01/03/2025,19:18:11,GOOG,250,193.62,Buy
01/03/2025,19:18:11,GOOG,250,193.65,Sell
01/03/2025,19:19:11,AMZN,250,224.04,Sell
01/03/2025,19:21:06,MSFT,250,423.75,Sell
01/03/2025,19:21:10,AMZN,250,224.01,Sell
01/03/2025,19:22:07,GOOG,250,193.45,Buy
01/03/2025,19:22:11,MSFT,250,423.46,Buy
01/03/2025,19:22:11,MSFT,250,423.58,Sell
01/03/2025,19:23:09,MSFT,250,423.50,Buy
01/03/2025,19:24:11,MSFT,250,423.45,Sell
01/03/2025,19:25:11,MSFT,250,423.27,Buy
01/03/2025,19:27:11,AMZN,250,223.94,Sell
01/03/2025,19:27:11,GOOG,250,193.47,Sell
01/03/2025,19:28:11,GOOG,250,193.48,Buy
01/03/2025,19:33:11,GOOG,250,193.53,Sell
01/03/2025,19:34:11,GOOG,250,193.54,Buy
01/03/2025,19:37:11,AAPL,250,242.85,Buy
01/03/2025,19:37:11,MSFT,250,423.57,Sell
01/03/2025,19:37:11,GOOG,250,193.65,Sell
01/03/2025,19:38:11,GOOG,250,193.72,Buy
01/03/2025,19:38:11,MSFT,250,423.81,Buy
01/03/2025,19:38:11,MSFT,250,423.86,Sell
01/03/2025,19:39:11,MSFT,250,423.82,Buy
01/03/2025,19:39:11,AAPL,250,242.89,Buy
01/03/2025,19:40:10,MSFT,250,424.02,Sell
01/03/2025,19:41:11,MSFT,250,423.89,Buy
01/03/2025,19:43:11,GOOG,250,193.97,Sell
01/03/2025,19:46:11,AMZN,250,224.27,Buy
01/03/2025,19:46:11,GOOG,250,193.89,Buy
01/03/2025,19:47:10,META,250,606.26,Buy
01/03/2025,19:49:11,GOOG,250,193.78,Sell
01/03/2025,19:52:10,AAPL,250,243.20,Sell
01/03/2025,19:53:11,MSFT,250,423.36,Sell
01/03/2025,19:53:11,GOOG,250,193.68,Sell
01/03/2025,19:54:05,MSFT,250,423.13,Buy
01/03/2025,19:54:05,MSFT,250,423.29,Sell
01/03/2025,19:54:11,AAPL,250,243.19,Sell
01/03/2025,19:55:11,MSFT,250,423.23,Buy
01/03/2025,19:56:09,MSFT,250,423.29,Sell
01/03/2025,19:57:11,AMZN,250,223.98,Buy
01/03/2025,19:57:11,MSFT,250,423.20,Buy
01/03/2025,19:59:11,AMZN,250,224.01,Buy
01/03/2025,20:01:11,AMZN,250,223.77,Sell
01/03/2025,20:01:11,GOOG,250,193.50,Sell
01/03/2025,20:02:11,META,250,604.80,Sell
01/03/2025,20:02:11,AMZN,250,223.79,Buy
01/03/2025,20:02:11,GOOG,250,193.42,Buy
01/03/2025,20:06:11,GOOG,250,193.40,Buy
01/03/2025,20:07:11,GOOG,250,193.39,Buy
01/03/2025,20:09:11,MSFT,250,422.99,Sell
01/03/2025,20:10:10,MSFT,250,422.90,Sell
01/03/2025,20:12:09,MSFT,250,422.74,Sell
01/03/2025,20:12:11,AMZN,250,223.74,Sell
01/03/2025,20:14:11,AMZN,250,223.69,Buy
01/03/2025,20:14:11,AMZN,250,223.71,Sell
01/03/2025,20:15:11,MSFT,250,422.92,Buy
01/03/2025,20:15:11,AMZN,250,223.76,Buy
01/03/2025,20:16:11,MSFT,250,422.91,Buy
01/03/2025,20:17:09,GOOG,250,193.39,Sell
01/03/2025,20:17:11,AMZN,250,223.79,Sell
01/03/2025,20:17:11,AAPL,250,242.88,Buy
01/03/2025,20:18:11,MSFT,250,422.87,Buy
01/03/2025,20:19:11,AMZN,250,223.87,Buy
01/03/2025,20:20:11,GOOG,250,193.39,Buy
01/03/2025,20:21:11,AAPL,250,242.93,Buy
01/03/2025,20:21:11,GOOG,250,193.38,Sell
01/03/2025,20:22:11,GOOG,250,193.32,Buy
01/03/2025,20:22:11,GOOG,250,193.34,Sell
01/03/2025,20:23:08,META,250,603.82,Buy
01/03/2025,20:28:10,META,250,603.48,Buy
01/03/2025,20:28:11,GOOG,250,193.39,Buy
01/03/2025,20:29:10,META,250,603.44,Buy
01/03/2025,20:29:11,AMZN,250,223.83,Sell
01/03/2025,20:30:11,AMZN,250,223.70,Buy
01/03/2025,20:30:11,AMZN,250,223.72,Sell
01/03/2025,20:30:11,MSFT,250,422.59,Sell
01/03/2025,20:31:11,AMZN,250,223.68,Buy
01/03/2025,20:31:11,MSFT,250,422.64,Sell
01/03/2025,20:32:11,AAPL,250,242.75,Sell
01/03/2025,20:33:11,MSFT,250,422.44,Sell
01/03/2025,20:34:11,MSFT,250,422.45,Buy
01/03/2025,20:34:11,AMZN,250,223.67,Sell
01/03/2025,20:35:11,AMZN,250,223.52,Buy
01/03/2025,20:35:11,GOOG,250,193.20,Sell
01/03/2025,20:35:11,MSFT,250,422.41,Buy
01/03/2025,20:36:11,AAPL,250,242.74,Sell
01/03/2025,20:36:11,MSFT,250,422.38,Buy
01/03/2025,20:37:11,GOOG,250,193.25,Buy
01/03/2025,20:37:11,GOOG,250,193.28,Sell
01/03/2025,20:38:11,META,250,603.71,Sell
01/03/2025,20:38:11,GOOG,250,193.32,Buy
01/03/2025,20:39:10,META,250,603.63,Buy
01/03/2025,20:43:10,META,250,603.80,Sell
01/03/2025,20:43:11,GOOG,250,193.20,Sell
01/03/2025,20:44:11,META,250,603.63,Buy
01/03/2025,20:44:11,META,250,603.82,Sell
01/03/2025,20:45:11,AMZN,250,223.59,Sell
01/03/2025,20:46:11,AMZN,250,223.57,Buy
01/03/2025,20:46:11,AMZN,250,223.59,Sell
01/03/2025,20:47:11,AMZN,250,223.49,Buy
01/03/2025,20:49:11,MSFT,250,421.80,Sell
01/03/2025,20:50:11,AMZN,250,223.64,Sell
01/03/2025,20:50:11,GOOG,250,192.80,Buy
01/03/2025,20:50:11,MSFT,250,421.68,Buy
01/03/2025,20:50:11,MSFT,250,421.75,Sell
01/03/2025,20:51:11,AMZN,250,223.65,Buy
01/03/2025,20:51:11,AAPL,250,242.75,Buy
01/03/2025,20:51:11,MSFT,250,421.69,Buy
01/03/2025,20:51:11,MSFT,250,421.73,Sell
01/03/2025,20:52:11,MSFT,250,421.70,Buy
01/03/2025,20:52:11,GOOG,250,192.82,Sell
01/03/2025,20:53:10,AAPL,250,242.83,Buy
01/03/2025,20:53:11,GOOG,250,192.91,Sell
01/03/2025,20:54:11,META,250,603.74,Sell
01/03/2025,20:59:11,META,250,604.66,Sell
01/03/2025,21:01:07,AMZN,250,224.19,Sell
01/03/2025,21:02:07,AMZN,250,224.12,Sell
01/03/2025,21:05:03,MSFT,250,423.50,Sell
01/03/2025,21:05:11,GOOG,250,192.89,Sell
01/03/2025,21:05:45,AMZN,250,224.06,Sell
01/03/2025,21:06:04,MSFT,250,423.50,Sell
01/03/2025,21:06:11,AAPL,250,243.28,Sell
01/03/2025,21:07:01,MSFT,250,423.35,Sell
01/03/2025,21:07:39,AAPL,250,243.29,Sell
01/06/2025,14:30:11,AAPL,250,244.04,Buy
01/06/2025,14:31:11,MSFT,250,428.08,Buy
01/06/2025,14:32:11,AMZN,250,225.90,Buy
01/06/2025,14:33:11,MSFT,250,427.32,Buy
01/06/2025,14:33:11,AMZN,250,225.95,Buy
01/06/2025,14:34:11,AMZN,250,225.89,Buy
01/06/2025,14:45:11,AAPL,250,244.81,Sell
01/06/2025,14:46:11,MSFT,250,430.35,Sell
01/06/2025,14:47:11,AMZN,250,225.89,Sell
01/06/2025,14:48:11,AMZN,250,225.73,Sell
01/06/2025,14:48:11,MSFT,250,430.23,Buy
01/06/2025,14:48:11,MSFT,250,430.32,Sell
01/06/2025,14:49:11,AMZN,250,225.85,Buy
01/06/2025,14:49:11,AMZN,250,225.91,Sell
01/06/2025,14:50:11,AMZN,250,226.13,Buy
01/06/2025,14:51:11,META,250,611.73,Buy
01/06/2025,14:52:11,META,250,610.83,Buy
01/06/2025,14:52:11,AMZN,250,225.56,Buy
01/06/2025,14:53:11,META,250,611.32,Buy
01/06/2025,14:55:11,GOOG,250,197.09,Buy
01/06/2025,14:56:11,GOOG,250,197.34,Buy
01/06/2025,15:03:11,MSFT,250,431.16,Sell
01/06/2025,15:04:11,AMZN,250,226.44,Sell
01/06/2025,15:05:11,AMZN,250,226.39,Sell
01/06/2025,15:06:09,META,250,608.36,Sell
01/06/2025,15:06:11,AAPL,250,244.68,Buy
01/06/2025,15:07:11,META,250,607.83,Buy
01/06/2025,15:07:11,META,250,608.19,Sell
01/06/2025,15:07:11,AMZN,250,225.74,Sell
01/06/2025,15:08:11,META,250,608.22,Buy
01/06/2025,15:08:11,META,250,608.41,Sell
01/06/2025,15:08:11,AAPL,250,244.86,Buy
01/06/2025,15:09:11,META,250,607.98,Buy
01/06/2025,15:10:11,GOOG,250,197.30,Sell
01/06/2025,15:11:11,GOOG,250,196.69,Sell
01/06/2025,15:14:11,GOOG,250,197.26,Buy
01/06/2025,15:15:11,GOOG,250,197.45,Buy
01/06/2025,15:16:11,GOOG,250,197.40,Buy
01/06/2025,15:21:11,AAPL,250,245.48,Sell
01/06/2025,15:22:11,META,250,608.83,Sell
01/06/2025,15:23:11,META,250,609.46,Buy
01/06/2025,15:23:11,META,250,609.87,Sell
01/06/2025,15:23:11,AAPL,250,245.76,Sell
01/06/2025,15:24:11,META,250,610.32,Buy
01/06/2025,15:24:11,META,250,610.69,Sell
01/06/2025,15:25:11,META,250,610.70,Buy
01/06/2025,15:29:11,GOOG,250,198.47,Sell
01/06/2025,15:30:11,GOOG,250,198.56,Sell
01/06/2025,15:31:11,GOOG,250,198.51,Sell
01/06/2025,15:38:11,META,250,613.50,Sell
01/06/2025,15:39:11,META,250,613.64,Sell
01/06/2025,15:39:11,GOOG,250,198.46,Buy
01/06/2025,15:40:09,META,250,613.42,Sell
01/06/2025,15:44:11,GOOG,250,198.28,Buy
01/06/2025,15:46:11,GOOG,250,198.53,Buy
01/06/2025,15:54:11,GOOG,250,198.45,Sell
01/06/2025,15:55:11,GOOG,250,198.41,Buy
01/06/2025,15:59:11,GOOG,250,198.60,Sell
01/06/2025,16:01:10,GOOG,250,198.70,Sell
01/06/2025,16:04:11,GOOG,250,198.78,Buy
01/06/2025,16:10:11,GOOG,250,199.07,Buy
01/06/2025,16:10:11,GOOG,250,199.08,Sell
01/06/2025,16:13:11,GOOG,250,198.90,Buy
01/06/2025,16:19:11,GOOG,250,199.01,Sell
01/06/2025,16:20:10,GOOG,250,199.03,Buy
01/06/2025,16:25:11,GOOG,250,199.03,Sell
01/06/2025,16:26:11,AMZN,250,227.97,Buy
01/06/2025,16:28:10,GOOG,250,199.26,Sell
01/06/2025,16:29:10,AMZN,250,228.40,Buy
01/06/2025,16:34:11,AAPL,250,246.31,Buy
01/06/2025,16:35:10,GOOG,250,198.95,Sell
01/06/2025,16:37:11,GOOG,250,199.03,Buy
01/06/2025,16:39:11,AMZN,250,228.33,Buy
01/06/2025,16:41:11,AMZN,250,228.43,Sell
01/06/2025,16:41:11,GOOG,250,199.01,Buy
01/06/2025,16:44:11,GOOG,250,198.93,Buy
01/06/2025,16:44:11,AMZN,250,228.42,Sell
01/06/2025,16:45:11,AAPL,250,246.10,Buy
01/06/2025,16:47:11,AAPL,250,246.19,Buy
01/06/2025,16:49:11,AAPL,250,245.99,Sell
01/06/2025,16:51:11,AAPL,250,246.10,Buy
01/06/2025,16:52:11,GOOG,250,198.79,Sell
01/06/2025,16:53:11,GOOG,250,198.72,Buy
01/06/2025,16:54:10,AMZN,250,228.32,Sell
01/06/2025,16:56:11,GOOG,250,198.83,Sell
01/06/2025,16:57:11,GOOG,250,198.88,Buy
01/06/2025,16:59:11,GOOG,250,198.96,Sell
01/06/2025,17:00:11,AAPL,250,246.25,Sell
01/06/2025,17:00:11,GOOG,250,198.83,Buy
01/06/2025,17:01:11,AAPL,250,246.23,Buy
01/06/2025,17:02:10,META,250,620.50,Buy
01/06/2025,17:02:11,AAPL,250,246.31,Sell
01/06/2025,17:04:11,META,250,620.02,Buy
01/06/2025,17:06:11,AAPL,250,246.44,Sell
01/06/2025,17:07:11,AAPL,250,246.41,Buy
01/06/2025,17:08:09,META,250,620.11,Buy
01/06/2025,17:08:10,GOOG,250,198.92,Sell
01/06/2025,17:08:11,AMZN,250,228.15,Buy
01/06/2025,17:08:11,AAPL,250,246.38,Buy
01/06/2025,17:09:10,AMZN,250,228.17,Buy
01/06/2025,17:12:11,GOOG,250,198.91,Sell
01/06/2025,17:13:10,AMZN,250,227.97,Buy
01/06/2025,17:15:11,GOOG,250,198.91,Sell
01/06/2025,17:16:11,GOOG,250,198.85,Buy
01/06/2025,17:16:11,AAPL,250,246.08,Sell
01/06/2025,17:17:02,META,250,619.96,Sell
01/06/2025,17:17:11,GOOG,250,198.92,Buy
01/06/2025,17:18:11,META,250,620.39,Buy
01/06/2025,17:19:11,META,250,620.40,Sell
01/06/2025,17:21:09,META,250,620.17,Buy
01/06/2025,17:21:11,GOOG,250,198.74,Buy
01/06/2025,17:21:11,AAPL,250,245.93,Buy
01/06/2025,17:22:11,AAPL,250,245.90,Sell
01/06/2025,17:23:10,META,250,620.71,Sell
01/06/2025,17:23:11,AMZN,250,227.69,Sell
01/06/2025,17:23:11,AAPL,250,245.91,Buy
01/06/2025,17:23:11,AAPL,250,245.93,Sell
01/06/2025,17:24:11,AAPL,250,245.97,Buy
01/06/2025,17:24:11,AMZN,250,227.66,Buy
01/06/2025,17:24:11,AMZN,250,227.71,Sell
01/06/2025,17:25:11,AMZN,250,227.59,Buy
01/06/2025,17:28:11,AMZN,250,227.54,Sell
01/06/2025,17:29:11,AMZN,250,227.43,Buy
01/06/2025,17:31:11,GOOG,250,199.00,Sell
01/06/2025,17:32:11,GOOG,250,198.91,Sell
01/06/2025,17:33:11,META,250,622.67,Sell
01/06/2025,17:33:11,GOOG,250,198.86,Buy
01/06/2025,17:34:11,GOOG,250,198.79,Buy
01/06/2025,17:36:09,AAPL,250,245.82,Sell
01/06/2025,17:36:11,META,250,623.80,Sell
01/06/2025,17:36:11,GOOG,250,198.75,Sell
01/06/2025,17:38:11,AAPL,250,245.81,Sell
01/06/2025,17:39:11,AMZN,250,227.75,Sell
01/06/2025,17:39:11,AAPL,250,245.80,Sell
01/06/2025,17:39:11,GOOG,250,198.68,Buy
01/06/2025,17:40:11,AMZN,250,227.46,Buy
01/06/2025,17:40:11,AMZN,250,227.49,Sell
01/06/2025,17:41:11,AMZN,250,227.46,Buy
01/06/2025,17:42:11,AAPL,250,245.50,Buy
01/06/2025,17:44:11,AMZN,250,227.50,Sell
01/06/2025,17:45:11,AMZN,250,227.12,Buy
01/06/2025,17:48:11,GOOG,250,198.56,Sell
01/06/2025,17:49:11,GOOG,250,198.53,Sell
01/06/2025,17:51:11,GOOG,250,198.51,Buy
01/06/2025,17:52:11,GOOG,250,198.37,Buy
01/06/2025,17:54:11,GOOG,250,198.63,Sell
01/06/2025,17:55:10,GOOG,250,198.55,Buy
01/06/2025,17:55:11,AMZN,250,227.13,Sell
01/06/2025,17:56:11,AMZN,250,227.05,Buy
01/06/2025,17:56:11,AMZN,250,227.09,Sell
01/06/2025,17:57:11,AAPL,250,244.94,Sell
01/06/2025,17:57:11,AMZN,250,227.09,Buy
01/06/2025,17:58:11,AAPL,250,245.00,Buy
01/06/2025,17:59:11,AAPL,250,245.01,Buy
01/06/2025,18:00:11,AMZN,250,227.21,Sell
01/06/2025,18:01:11,AMZN,250,227.10,Buy
01/06/2025,18:02:09,META,250,618.46,Buy
01/06/2025,18:02:11,AAPL,250,244.60,Buy
01/06/2025,18:03:11,META,250,618.99,Buy
01/06/2025,18:04:11,META,250,619.20,Buy
01/06/2025,18:06:11,GOOG,250,198.77,Sell
01/06/2025,18:07:11,GOOG,250,198.58,Sell
01/06/2025,18:08:11,MSFT,250,428.33,Buy
01/06/2025,18:10:11,GOOG,250,198.73,Sell
01/06/2025,18:11:11,AMZN,250,227.08,Sell
01/06/2025,18:12:11,AMZN,250,227.09,Buy
01/06/2025,18:12:11,AMZN,250,227.13,Sell
01/06/2025,18:13:11,AMZN,250,227.05,Buy
01/06/2025,18:13:11,AAPL,250,244.92,Sell
01/06/2025,18:14:10,AAPL,250,244.87,Buy
01/06/2025,18:14:10,AAPL,250,244.88,Sell
01/06/2025,18:16:11,AAPL,250,244.68,Buy
01/06/2025,18:16:11,AMZN,250,226.94,Sell
01/06/2025,18:17:10,META,250,620.14,Sell
01/06/2025,18:17:11,AAPL,250,244.71,Sell
01/06/2025,18:17:11,AMZN,250,226.90,Buy
01/06/2025,18:18:11,META,250,620.13,Sell
01/06/2025,18:18:11,MSFT,250,428.04,Buy
01/06/2025,18:19:11,META,250,620.07,Sell
01/06/2025,18:19:11,GOOG,250,198.71,Buy
01/06/2025,18:20:11,AAPL,250,244.67,Buy
01/06/2025,18:20:11,GOOG,250,198.70,Buy
01/06/2025,18:21:11,GOOG,250,198.72,Buy
01/06/2025,18:23:11,MSFT,250,428.13,Sell
01/06/2025,18:27:11,AMZN,250,227.01,Sell
01/06/2025,18:28:11,AMZN,250,226.97,Buy
01/06/2025,18:28:11,AMZN,250,227.00,Sell
01/06/2025,18:29:10,AAPL,250,245.05,Sell
01/06/2025,18:29:11,AMZN,250,226.95,Buy
01/06/2025,18:30:11,AAPL,250,244.96,Buy
01/06/2025,18:31:11,AAPL,250,244.99,Sell
01/06/2025,18:32:11,AMZN,250,226.80,Sell
01/06/2025,18:33:11,MSFT,250,427.76,Sell
01/06/2025,18:33:11,AMZN,250,226.82,Buy
01/06/2025,18:34:11,GOOG,250,198.68,Sell
01/06/2025,18:34:11,AAPL,250,244.94,Buy
01/06/2025,18:35:11,GOOG,250,198.60,Sell
01/06/2025,18:35:11,AAPL,250,245.06,Sell
01/06/2025,18:36:11,AAPL,250,245.04,Buy
01/06/2025,18:36:11,GOOG,250,198.52,Sell
01/06/2025,18:37:11,GOOG,250,198.50,Buy
01/06/2025,18:39:11,GOOG,250,198.29,Buy
01/06/2025,18:40:11,GOOG,250,198.38,Buy
01/06/2025,18:41:10,META,250,620.63,Sell
01/06/2025,18:43:11,AMZN,250,226.73,Sell
01/06/2025,18:44:11,AMZN,250,226.81,Buy
01/06/2025,18:44:11,AMZN,250,226.84,Sell
01/06/2025,18:45:11,AMZN,250,226.72,Buy
01/06/2025,18:45:11,AAPL,250,245.01,Sell
01/06/2025,18:47:11,AAPL,250,244.96,Buy
01/06/2025,18:48:11,AMZN,250,226.52,Sell
01/06/2025,18:49:11,AMZN,250,226.33,Buy
01/06/2025,18:49:11,AAPL,250,244.79,Sell
01/06/2025,18:50:11,AAPL,250,244.77,Buy
01/06/2025,18:51:11,AAPL,250,244.87,Sell
01/06/2025,18:52:11,GOOG,250,198.26,Sell
01/06/2025,18:53:11,AAPL,250,245.08,Buy
01/06/2025,18:54:11,GOOG,250,198.21,Sell
01/06/2025,18:55:11,GOOG,250,198.22,Sell
01/06/2025,18:56:11,META,250,620.00,Buy
01/06/2025,18:59:11,AMZN,250,226.40,Sell
01/06/2025,19:00:11,AMZN,250,226.20,Buy
01/06/2025,19:00:11,AMZN,250,226.23,Sell
01/06/2025,19:02:11,AAPL,250,244.89,Sell
01/06/2025,19:02:11,AMZN,250,225.99,Buy
01/06/2025,19:02:11,GOOG,250,197.57,Buy
01/06/2025,19:04:11,AMZN,250,225.99,Sell
01/06/2025,19:04:11,AAPL,250,244.89,Buy
01/06/2025,19:04:11,GOOG,250,197.50,Buy
01/06/2025,19:05:11,AMZN,250,226.02,Buy
01/06/2025,19:05:11,AAPL,250,244.95,Sell
01/06/2025,19:05:11,GOOG,250,197.49,Buy
01/06/2025,19:06:11,AAPL,250,245.00,Buy
01/06/2025,19:08:11,AAPL,250,245.02,Sell
01/06/2025,19:10:11,AAPL,250,244.92,Buy
01/06/2025,19:15:11,AMZN,250,225.95,Sell
01/06/2025,19:16:10,AMZN,250,226.14,Buy
01/06/2025,19:17:11,AMZN,250,226.18,Sell
01/06/2025,19:17:11,GOOG,250,197.54,Sell
01/06/2025,19:18:11,AMZN,250,226.32,Buy
01/06/2025,19:18:11,GOOG,250,197.45,Buy
01/06/2025,19:19:11,AAPL,250,245.13,Sell
01/06/2025,19:19:11,GOOG,250,197.49,Sell
01/06/2025,19:20:11,GOOG,250,197.38,Buy
01/06/2025,19:20:11,GOOG,250,197.41,Sell
01/06/2025,19:20:11,AMZN,250,226.28,Sell
01/06/2025,19:20:11,AAPL,250,245.07,Buy
01/06/2025,19:21:11,GOOG,250,197.35,Buy
01/06/2025,19:21:11,AAPL,250,245.13,Sell
01/06/2025,19:21:11,AMZN,250,226.20,Buy
01/06/2025,19:22:11,AAPL,250,245.09,Buy
01/06/2025,19:25:11,AAPL,250,245.03,Sell
01/06/2025,19:26:11,AAPL,250,245.11,Buy
01/06/2025,19:31:11,AMZN,250,226.27,Sell
01/06/2025,19:33:11,GOOG,250,197.34,Sell
01/06/2025,19:33:11,AMZN,250,226.24,Sell
01/06/2025,19:34:11,GOOG,250,197.34,Buy
01/06/2025,19:35:11,GOOG,250,197.23,Sell
01/06/2025,19:35:11,AAPL,250,244.98,Sell
01/06/2025,19:36:11,GOOG,250,197.16,Buy
01/06/2025,19:36:11,GOOG,250,197.19,Sell
01/06/2025,19:36:11,AMZN,250,226.13,Sell
01/06/2025,19:37:11,GOOG,250,197.23,Buy
01/06/2025,19:37:11,AAPL,250,245.00,Buy
01/06/2025,19:37:11,AAPL,250,245.03,Sell
01/06/2025,19:38:11,AAPL,250,244.98,Buy
01/06/2025,19:40:11,AMZN,250,226.21,Buy
01/06/2025,19:41:11,AAPL,250,245.06,Sell
01/06/2025,19:42:11,AAPL,250,245.01,Buy
01/06/2025,19:48:11,AMZN,250,226.38,Buy
01/06/2025,19:49:11,GOOG,250,197.25,Sell
01/06/2025,19:51:11,GOOG,250,197.19,Buy
01/06/2025,19:51:11,GOOG,250,197.22,Sell
01/06/2025,19:52:11,GOOG,250,197.14,Buy
01/06/2025,19:52:11,GOOG,250,197.16,Sell
01/06/2025,19:52:11,AAPL,250,244.98,Sell
01/06/2025,19:53:11,GOOG,250,197.20,Buy
01/06/2025,19:53:11,AAPL,250,244.93,Buy
01/06/2025,19:53:11,AAPL,250,244.95,Sell
01/06/2025,19:55:11,AMZN,250,226.25,Sell
01/06/2025,19:55:11,AAPL,250,244.91,Buy
01/06/2025,19:57:11,AAPL,250,244.72,Sell
01/06/2025,19:59:11,AMZN,250,225.97,Buy
01/06/2025,20:01:11,AMZN,250,225.99,Buy
01/06/2025,20:03:10,AMZN,250,226.10,Sell
01/06/2025,20:04:11,AMZN,250,226.19,Buy
01/06/2025,20:05:10,AAPL,250,244.71,Buy
01/06/2025,20:06:11,GOOG,250,197.06,Sell
01/06/2025,20:07:11,GOOG,250,196.94,Sell
01/06/2025,20:08:11,AAPL,250,244.67,Sell
01/06/2025,20:08:11,GOOG,250,196.99,Sell
01/06/2025,20:09:10,AAPL,250,244.70,Buy
01/06/2025,20:10:11,GOOG,250,196.99,Buy
01/06/2025,20:10:11,AAPL,250,244.70,Sell
01/06/2025,20:11:11,AAPL,250,244.72,Buy
01/06/2025,20:14:11,GOOG,250,197.16,Buy
01/06/2025,20:14:11,AMZN,250,226.44,Sell
01/06/2025,20:15:11,GOOG,250,197.05,Buy
01/06/2025,20:15:11,AMZN,250,226.30,Buy
01/06/2025,20:16:11,AMZN,250,226.36,Sell
01/06/2025,20:19:11,AMZN,250,226.40,Sell
01/06/2025,20:20:11,AAPL,250,244.77,Sell
01/06/2025,20:22:11,AAPL,250,244.76,Buy
01/06/2025,20:24:11,AAPL,250,244.90,Sell
01/06/2025,20:25:11,GOOG,250,197.51,Sell
01/06/2025,20:25:11,AAPL,250,244.92,Buy
01/06/2025,20:26:11,AAPL,250,244.90,Sell
01/06/2025,20:27:11,AAPL,250,244.86,Buy
01/06/2025,20:29:11,GOOG,250,197.31,Sell
01/06/2025,20:30:11,GOOG,250,197.38,Sell
01/06/2025,20:30:11,AMZN,250,226.99,Sell
01/06/2025,20:32:11,GOOG,250,197.38,Buy
01/06/2025,20:34:09,GOOG,250,197.21,Buy
01/06/2025,20:37:11,AAPL,250,244.98,Sell
01/06/2025,20:38:11,AAPL,250,244.89,Buy
01/06/2025,20:40:11,AAPL,250,244.81,Sell
01/06/2025,20:42:11,AAPL,250,244.74,Buy
01/06/2025,20:42:11,AAPL,250,244.75,Sell
01/06/2025,20:43:11,AAPL,250,244.65,Buy
01/06/2025,20:44:11,GOOG,250,197.14,Buy
01/06/2025,20:47:11,GOOG,250,197.45,Sell
01/06/2025,20:48:11,GOOG,250,197.38,Buy
01/06/2025,20:49:11,GOOG,250,197.36,Sell
01/06/2025,20:53:10,MSFT,250,427.58,Buy
01/06/2025,20:53:11,AAPL,250,245.23,Sell
01/06/2025,20:57:11,AAPL,250,244.83,Sell
01/06/2025,20:58:11,AAPL,250,244.87,Sell
01/06/2025,20:59:11,GOOG,250,197.97,Sell
01/06/2025,21:02:28,GOOG,250,198.05,Sell
01/06/2025,21:08:11,MSFT,250,427.83,Sell
01/07/2025,14:32:11,META,250,627.26,Sell
01/07/2025,14:33:11,META,250,627.63,Sell
01/07/2025,14:34:11,META,250,626.80,Sell
01/07/2025,14:34:11,AMZN,250,227.05,Buy
01/07/2025,14:35:11,AMZN,250,226.63,Buy
01/07/2025,14:36:11,AMZN,250,226.91,Buy
01/07/2025,14:37:11,MSFT,250,427.98,Sell
01/07/2025,14:38:11,MSFT,250,428.06,Sell
01/07/2025,14:39:11,MSFT,250,428.00,Sell
01/07/2025,14:47:11,META,250,625.19,Buy
01/07/2025,14:48:11,META,250,626.02,Buy
01/07/2025,14:49:11,META,250,626.17,Buy
01/07/2025,14:49:11,AMZN,250,226.13,Sell
01/07/2025,14:50:11,AMZN,250,226.16,Sell
01/07/2025,14:51:11,AMZN,250,226.26,Sell
01/07/2025,14:52:11,AMZN,250,226.14,Buy
01/07/2025,14:52:11,MSFT,250,429.75,Buy
01/07/2025,14:53:11,MSFT,250,430.15,Sell
01/07/2025,14:53:11,MSFT,250,430.05,Buy
01/07/2025,14:54:11,MSFT,250,430.02,Sell
01/07/2025,14:54:11,MSFT,250,429.90,Buy
01/07/2025,14:55:09,MSFT,250,430.25,Sell
01/07/2025,14:55:11,AMZN,250,226.20,Buy
01/07/2025,14:56:11,AMZN,250,226.39,Buy
01/07/2025,15:07:11,AMZN,250,224.43,Sell
01/07/2025,15:07:11,GOOG,250,200.13,Buy
01/07/2025,15:08:11,MSFT,250,429.01,Buy
01/07/2025,15:09:11,MSFT,250,429.30,Sell
01/07/2025,15:09:11,MSFT,250,429.09,Buy
01/07/2025,15:10:11,MSFT,250,428.84,Sell
01/07/2025,15:10:11,MSFT,250,428.72,Buy
01/07/2025,15:10:11,AMZN,250,223.92,Sell
01/07/2025,15:11:11,MSFT,250,428.88,Sell
01/07/2025,15:11:11,AMZN,250,224.16,Sell
01/07/2025,15:16:11,GOOG,250,199.57,Buy
01/07/2025,15:16:11,AMZN,250,224.51,Buy
01/07/2025,15:17:11,AMZN,250,224.38,Buy
01/07/2025,15:18:11,AMZN,250,224.01,Buy
01/07/2025,15:19:11,GOOG,250,199.35,Buy
01/07/2025,15:22:11,GOOG,250,199.86,Sell
01/07/2025,15:22:11,AAPL,250,244.61,Buy
01/07/2025,15:23:11,GOOG,250,199.83,Buy
01/07/2025,15:24:09,MSFT,250,428.62,Buy
01/07/2025,15:25:11,MSFT,250,428.98,Buy
01/07/2025,15:26:09,MSFT,250,429.20,Buy
01/07/2025,15:26:11,AAPL,250,245.00,Buy
01/07/2025,15:31:11,MSFT,250,427.97,Sell
01/07/2025,15:31:11,GOOG,250,199.28,Sell
01/07/2025,15:31:11,AMZN,250,223.66,Sell
01/07/2025,15:32:11,AMZN,250,223.21,Sell
01/07/2025,15:33:11,AMZN,250,223.12,Sell
01/07/2025,15:33:11,GOOG,250,198.77,Buy
01/07/2025,15:34:11,GOOG,250,198.64,Sell
01/07/2025,15:35:11,GOOG,250,198.31,Buy
01/07/2025,15:37:11,AAPL,250,244.90,Buy
01/07/2025,15:37:11,AAPL,250,244.95,Sell
01/07/2025,15:38:11,GOOG,250,198.11,Sell
01/07/2025,15:39:11,GOOG,250,197.85,Buy
01/07/2025,15:41:11,AAPL,250,244.74,Sell
01/07/2025,15:43:11,AAPL,250,244.81,Buy
01/07/2025,15:44:11,AAPL,250,244.89,Buy
01/07/2025,15:44:11,AMZN,250,222.44,Buy
01/07/2025,15:46:11,MSFT,250,425.92,Buy
01/07/2025,15:48:11,GOOG,250,198.39,Sell
01/07/2025,15:49:11,GOOG,250,198.41,Buy
01/07/2025,15:49:11,AMZN,250,222.49,Buy
01/07/2025,15:50:11,GOOG,250,198.65,Sell
01/07/2025,15:51:11,GOOG,250,198.75,Buy
01/07/2025,15:52:11,AMZN,250,222.82,Buy
01/07/2025,15:52:11,AAPL,250,244.25,Sell
01/07/2025,15:54:11,GOOG,250,198.96,Sell
01/07/2025,15:55:11,GOOG,250,198.91,Buy
01/07/2025,15:58:11,AAPL,250,244.45,Sell
01/07/2025,15:59:11,AMZN,250,223.74,Sell
01/07/2025,15:59:11,AAPL,250,244.75,Sell
01/07/2025,16:00:11,AAPL,250,244.63,Buy
01/07/2025,16:04:11,GOOG,250,199.26,Sell
01/07/2025,16:04:11,AMZN,250,223.70,Sell
01/07/2025,16:05:11,GOOG,250,199.13,Buy
01/07/2025,16:06:11,AAPL,250,244.21,Buy
01/07/2025,16:06:11,GOOG,250,199.04,Sell
01/07/2025,16:07:11,AMZN,250,223.64,Sell
01/07/2025,16:10:11,MSFT,250,427.00,Sell
01/07/2025,16:10:11,AAPL,250,244.27,Buy
01/07/2025,16:10:11,GOOG,250,199.21,Sell
01/07/2025,16:11:11,MSFT,250,426.60,Sell
01/07/2025,16:11:11,GOOG,250,199.09,Buy
01/07/2025,16:12:11,MSFT,250,425.96,Sell
01/07/2025,16:13:11,GOOG,250,198.85,Buy
01/07/2025,16:15:11,AAPL,250,244.18,Sell
01/07/2025,16:16:11,AAPL,250,244.04,Buy
01/07/2025,16:20:11,GOOG,250,199.17,Sell
01/07/2025,16:21:11,AAPL,250,244.13,Sell
01/07/2025,16:21:11,GOOG,250,199.19,Buy
01/07/2025,16:25:11,AAPL,250,243.94,Buy
01/07/2025,16:25:11,AAPL,250,243.97,Sell
01/07/2025,16:25:11,MSFT,250,425.55,Buy
01/07/2025,16:26:11,MSFT,250,425.70,Buy
01/07/2025,16:26:11,AAPL,250,243.94,Buy
01/07/2025,16:26:11,GOOG,250,199.22,Sell
01/07/2025,16:27:11,MSFT,250,425.55,Buy
01/07/2025,16:28:11,GOOG,250,199.41,Buy
01/07/2025,16:28:11,GOOG,250,199.45,Sell
01/07/2025,16:31:11,GOOG,250,199.04,Buy
01/07/2025,16:31:11,AAPL,250,243.54,Sell
01/07/2025,16:32:11,AAPL,250,243.67,Buy
01/07/2025,16:36:11,GOOG,250,198.65,Sell
01/07/2025,16:37:11,GOOG,250,198.66,Buy
01/07/2025,16:40:11,AAPL,250,243.45,Sell
01/07/2025,16:41:11,AAPL,250,243.57,Buy
01/07/2025,16:41:11,AAPL,250,243.61,Sell
01/07/2025,16:42:11,AAPL,250,243.35,Buy
01/07/2025,16:43:11,GOOG,250,198.70,Sell
01/07/2025,16:44:11,GOOG,250,198.61,Buy
01/07/2025,16:46:11,GOOG,250,198.29,Sell
01/07/2025,16:47:11,AAPL,250,243.73,Sell
01/07/2025,16:47:11,GOOG,250,198.16,Buy
01/07/2025,16:48:11,AAPL,250,243.83,Buy
01/07/2025,16:52:11,GOOG,250,197.57,Sell
01/07/2025,16:53:11,GOOG,250,197.46,Buy
01/07/2025,16:56:11,AAPL,250,243.12,Sell
01/07/2025,16:57:11,AAPL,250,243.12,Sell
01/07/2025,16:58:11,AMZN,250,223.03,Buy
01/07/2025,16:59:11,GOOG,250,197.25,Sell
01/07/2025,17:00:11,GOOG,250,197.39,Buy
01/07/2025,17:02:11,GOOG,250,197.43,Sell
01/07/2025,17:03:11,AAPL,250,243.17,Buy
01/07/2025,17:03:11,AAPL,250,243.20,Sell
01/07/2025,17:04:11,GOOG,250,197.17,Buy
01/07/2025,17:04:11,AMZN,250,222.95,Buy
01/07/2025,17:04:11,AAPL,250,243.14,Buy
01/07/2025,17:05:11,AMZN,250,223.00,Buy
01/07/2025,17:05:11,AAPL,250,243.15,Buy
01/07/2025,17:08:11,GOOG,250,197.26,Sell
01/07/2025,17:09:11,GOOG,250,197.51,Buy
01/07/2025,17:13:11,AMZN,250,223.07,Sell
01/07/2025,17:14:10,AMZN,250,222.97,Buy
01/07/2025,17:15:11,GOOG,250,197.92,Sell
01/07/2025,17:18:11,AAPL,250,242.93,Sell
01/07/2025,17:19:11,AAPL,250,243.00,Sell
01/07/2025,17:19:11,GOOG,250,198.03,Sell
01/07/2025,17:19:11,AMZN,250,223.28,Sell
01/07/2025,17:20:11,AAPL,250,242.89,Sell
01/07/2025,17:20:11,GOOG,250,197.94,Buy
01/07/2025,17:20:11,AMZN,250,223.16,Buy
01/07/2025,17:20:11,AMZN,250,223.20,Sell
01/07/2025,17:21:11,AMZN,250,223.02,Buy
01/07/2025,17:21:11,GOOG,250,197.80,Buy
01/07/2025,17:22:11,AAPL,250,242.72,Buy
01/07/2025,17:23:10,META,250,617.16,Buy
01/07/2025,17:24:11,GOOG,250,197.65,Sell
01/07/2025,17:25:11,META,250,617.54,Buy
01/07/2025,17:26:09,META,250,617.72,Buy
01/07/2025,17:26:10,GOOG,250,197.64,Buy
01/07/2025,17:26:11,AAPL,250,242.47,Buy
01/07/2025,17:28:11,AAPL,250,242.41,Buy
01/07/2025,17:29:11,AMZN,250,222.82,Sell
01/07/2025,17:30:11,AMZN,250,222.92,Buy
01/07/2025,17:35:11,GOOG,250,197.54,Sell
01/07/2025,17:35:11,AMZN,250,223.08,Sell
01/07/2025,17:36:11,AMZN,250,222.93,Buy
01/07/2025,17:36:11,AMZN,250,222.96,Sell
01/07/2025,17:36:11,GOOG,250,197.55,Sell
01/07/2025,17:37:11,AAPL,250,242.51,Sell
01/07/2025,17:37:11,AMZN,250,222.91,Buy
01/07/2025,17:37:11,GOOG,250,197.45,Buy
01/07/2025,17:38:11,GOOG,250,197.23,Buy
01/07/2025,17:38:11,META,250,617.85,Sell
01/07/2025,17:40:10,META,250,618.00,Sell
01/07/2025,17:41:10,GOOG,250,197.07,Sell
01/07/2025,17:41:11,AAPL,250,242.26,Sell
01/07/2025,17:41:11,META,250,618.47,Sell
01/07/2025,17:43:10,AAPL,250,242.19,Sell
01/07/2025,17:44:11,AAPL,250,242.05,Buy
01/07/2025,17:45:11,AMZN,250,222.67,Sell
01/07/2025,17:46:11,AMZN,250,222.66,Buy
01/07/2025,17:47:10,AAPL,250,242.08,Buy
01/07/2025,17:47:11,GOOG,250,196.83,Buy
01/07/2025,17:49:11,AAPL,250,242.00,Buy
01/07/2025,17:51:11,AMZN,250,222.68,Sell
01/07/2025,17:52:11,GOOG,250,196.67,Sell
01/07/2025,17:52:11,AMZN,250,222.49,Buy
01/07/2025,17:52:11,AMZN,250,222.53,Sell
01/07/2025,17:53:11,GOOG,250,196.68,Buy
01/07/2025,17:53:11,GOOG,250,196.70,Sell
01/07/2025,17:53:11,AMZN,250,222.61,Buy
01/07/2025,17:54:11,GOOG,250,196.69,Buy
01/07/2025,17:59:11,AAPL,250,242.23,Sell
01/07/2025,18:01:10,AMZN,250,223.12,Sell
01/07/2025,18:02:10,AAPL,250,242.40,Sell
01/07/2025,18:02:11,GOOG,250,197.17,Sell
01/07/2025,18:03:10,GOOG,250,197.17,Buy
01/07/2025,18:04:11,AAPL,250,242.46,Sell
01/07/2025,18:07:10,AMZN,250,223.14,Sell
01/07/2025,18:08:11,AMZN,250,223.22,Sell
01/07/2025,18:08:11,GOOG,250,197.31,Sell
01/07/2025,18:09:11,GOOG,250,197.41,Sell
01/07/2025,18:09:11,AAPL,250,242.63,Buy
01/07/2025,18:12:11,GOOG,250,197.20,Buy
01/07/2025,18:15:11,META,250,621.77,Buy
01/07/2025,18:16:07,META,250,621.52,Buy
01/07/2025,18:17:11,GOOG,250,197.35,Buy
01/07/2025,18:18:11,GOOG,250,197.41,Sell
01/07/2025,18:19:09,META,250,621.76,Buy
01/07/2025,18:20:11,GOOG,250,197.37,Buy
01/07/2025,18:24:10,AAPL,250,243.19,Sell
01/07/2025,18:27:10,GOOG,250,197.67,Sell
01/07/2025,18:30:08,META,250,621.46,Sell
01/07/2025,18:31:11,META,250,620.99,Sell
01/07/2025,18:32:11,GOOG,250,197.66,Sell
01/07/2025,18:34:10,META,250,621.04,Sell
01/07/2025,18:34:11,GOOG,250,197.54,Buy
01/07/2025,18:35:11,GOOG,250,197.51,Sell
01/07/2025,18:37:11,GOOG,250,197.39,Buy
01/07/2025,18:44:11,AMZN,250,222.97,Buy
01/07/2025,18:45:11,GOOG,250,196.98,Buy
01/07/2025,18:46:11,AMZN,250,222.95,Buy
01/07/2025,18:47:11,AMZN,250,223.04,Buy
01/07/2025,18:49:11,GOOG,250,197.02,Sell
01/07/2025,18:50:11,GOOG,250,197.01,Buy
01/07/2025,18:52:11,GOOG,250,197.27,Sell
01/07/2025,18:53:11,GOOG,250,197.19,Buy
01/07/2025,18:59:11,AMZN,250,223.04,Sell
01/07/2025,19:00:11,GOOG,250,197.41,Sell
01/07/2025,19:00:11,AMZN,250,223.08,Buy
01/07/2025,19:01:10,AMZN,250,223.08,Sell
01/07/2025,19:01:11,GOOG,250,197.31,Buy
01/07/2025,19:02:11,AMZN,250,223.24,Buy
01/07/2025,19:02:11,AMZN,250,223.26,Sell
01/07/2025,19:05:11,GOOG,250,197.41,Sell
01/07/2025,19:06:11,AMZN,250,223.22,Buy
01/07/2025,19:08:10,GOOG,250,197.46,Sell
01/07/2025,19:08:11,AAPL,250,242.40,Buy
01/07/2025,19:15:11,AMZN,250,223.16,Sell
01/07/2025,19:15:11,AAPL,250,242.37,Buy
01/07/2025,19:16:11,GOOG,250,197.64,Sell
01/07/2025,19:17:10,AMZN,250,223.19,Sell
01/07/2025,19:20:11,AAPL,250,242.47,Buy
01/07/2025,19:21:11,AMZN,250,223.15,Sell
01/07/2025,19:23:11,AAPL,250,242.48,Sell
01/07/2025,19:26:11,AMZN,250,223.23,Buy
01/07/2025,19:30:10,AAPL,250,242.46,Buy
01/07/2025,19:30:10,AAPL,250,242.49,Sell
01/07/2025,19:32:11,AAPL,250,242.27,Buy
01/07/2025,19:35:11,AAPL,250,242.27,Sell
01/07/2025,19:39:11,GOOG,250,197.26,Buy
01/07/2025,19:40:11,GOOG,250,197.22,Buy
01/07/2025,19:41:11,AMZN,250,222.65,Sell
01/07/2025,19:41:11,GOOG,250,197.13,Buy
01/07/2025,19:42:10,AMZN,250,222.62,Buy
01/07/2025,19:42:11,AAPL,250,241.99,Buy
01/07/2025,19:43:11,AMZN,250,222.62,Buy
01/07/2025,19:45:11,AAPL,250,242.10,Sell
01/07/2025,19:45:11,AMZN,250,222.95,Buy
01/07/2025,19:47:04,MSFT,250,423.92,Sell
01/07/2025,19:47:11,AAPL,250,242.04,Sell
01/07/2025,19:48:11,AAPL,250,241.99,Buy
01/07/2025,19:49:11,MSFT,250,423.62,Sell
01/07/2025,19:49:11,AAPL,250,241.97,Buy
01/07/2025,19:54:11,GOOG,250,197.31,Sell
01/07/2025,19:55:11,GOOG,250,197.29,Buy
01/07/2025,19:55:11,GOOG,250,197.31,Sell
01/07/2025,19:56:11,GOOG,250,197.22,Buy
01/07/2025,19:56:11,GOOG,250,197.24,Sell
01/07/2025,19:57:11,AMZN,250,222.69,Sell
01/07/2025,19:57:11,GOOG,250,197.22,Buy
01/07/2025,19:57:11,AAPL,250,241.95,Sell
01/07/2025,19:58:11,AMZN,250,222.70,Buy
01/07/2025,19:58:11,AMZN,250,222.72,Sell
01/07/2025,19:58:11,AAPL,250,242.00,Buy
01/07/2025,19:59:11,AMZN,250,222.68,Buy
01/07/2025,20:00:11,AMZN,250,222.64,Sell
01/07/2025,20:01:11,AMZN,250,222.53,Buy
01/07/2025,20:02:11,MSFT,250,423.51,Buy
01/07/2025,20:03:11,AAPL,250,242.12,Sell
01/07/2025,20:04:11,AAPL,250,242.16,Sell
01/07/2025,20:04:11,MSFT,250,423.53,Sell
01/07/2025,20:04:11,MSFT,250,423.39,Buy
01/07/2025,20:05:11,AAPL,250,242.14,Buy
01/07/2025,20:06:11,AAPL,250,242.07,Buy
01/07/2025,20:07:08,MSFT,250,423.60,Sell
01/07/2025,20:10:11,GOOG,250,197.06,Sell
01/07/2025,20:11:11,GOOG,250,197.00,Buy
01/07/2025,20:11:11,GOOG,250,197.03,Sell
01/07/2025,20:12:11,GOOG,250,196.87,Buy
01/07/2025,20:12:11,GOOG,250,196.89,Sell
01/07/2025,20:13:11,AMZN,250,222.09,Sell
01/07/2025,20:13:11,GOOG,250,196.92,Buy
01/07/2025,20:13:11,AAPL,250,241.87,Sell
01/07/2025,20:14:11,AAPL,250,241.91,Buy
01/07/2025,20:14:11,AMZN,250,222.16,Buy
01/07/2025,20:14:11,AMZN,250,222.18,Sell
01/07/2025,20:15:11,AMZN,250,222.06,Buy
01/07/2025,20:16:11,AMZN,250,222.09,Sell
01/07/2025,20:18:11,AMZN,250,221.93,Buy
01/07/2025,20:19:11,MSFT,250,422.88,Buy
01/07/2025,20:20:11,AAPL,250,241.99,Sell
01/07/2025,20:21:11,AAPL,250,242.00,Sell
01/07/2025,20:22:11,MSFT,250,422.39,Buy
01/07/2025,20:23:10,AAPL,250,241.95,Buy
01/07/2025,20:24:11,AAPL,250,242.09,Buy
01/07/2025,20:26:11,GOOG,250,196.25,Sell
01/07/2025,20:27:11,GOOG,250,196.15,Buy
01/07/2025,20:27:11,GOOG,250,196.18,Sell
01/07/2025,20:28:11,GOOG,250,196.13,Buy
01/07/2025,20:28:11,GOOG,250,196.16,Sell
01/07/2025,20:29:11,AAPL,250,242.07,Sell
01/07/2025,20:29:11,AMZN,250,221.83,Sell
01/07/2025,20:29:11,GOOG,250,196.19,Buy
01/07/2025,20:30:11,AMZN,250,221.92,Buy
01/07/2025,20:30:11,AMZN,250,221.94,Sell
01/07/2025,20:30:11,AAPL,250,242.05,Buy
01/07/2025,20:31:11,AMZN,250,221.78,Buy
01/07/2025,20:33:11,AMZN,250,221.81,Sell
01/07/2025,20:34:11,AMZN,250,221.73,Buy
01/07/2025,20:38:11,AAPL,250,241.63,Sell
01/07/2025,20:39:11,AAPL,250,241.56,Sell
01/07/2025,20:40:11,MSFT,250,422.12,Sell
01/07/2025,20:40:11,AAPL,250,241.86,Buy
01/07/2025,20:42:11,MSFT,250,422.45,Sell
01/07/2025,20:42:11,GOOG,250,196.66,Sell
01/07/2025,20:43:11,GOOG,250,196.60,Buy
01/07/2025,20:43:11,GOOG,250,196.63,Sell
01/07/2025,20:44:11,MSFT,250,422.20,Sell
01/07/2025,20:44:11,AAPL,250,241.87,Buy
01/07/2025,20:44:11,GOOG,250,196.68,Buy
01/07/2025,20:44:11,GOOG,250,196.70,Sell
01/07/2025,20:45:11,AAPL,250,241.68,Sell
01/07/2025,20:45:11,AMZN,250,221.96,Sell
01/07/2025,20:45:11,GOOG,250,196.60,Buy
01/07/2025,20:46:11,AMZN,250,221.92,Sell
01/07/2025,20:46:11,AAPL,250,241.69,Buy
01/07/2025,20:49:11,AMZN,250,222.15,Sell
01/07/2025,20:55:11,MSFT,250,422.58,Buy
01/07/2025,20:55:11,AAPL,250,242.00,Sell
01/07/2025,20:56:11,MSFT,250,422.59,Sell
01/07/2025,20:57:11,MSFT,250,422.31,Buy
01/07/2025,20:58:11,MSFT,250,422.39,Sell
01/07/2025,20:58:11,GOOG,250,196.71,Sell
01/07/2025,20:59:11,GOOG,250,196.68,Sell
01/07/2025,20:59:11,MSFT,250,422.21,Buy
01/07/2025,20:59:11,AAPL,250,242.16,Sell
01/07/2025,21:00:11,GOOG,250,196.80,Sell
01/07/2025,21:01:11,AAPL,250,242.35,Sell
01/07/2025,21:10:18,MSFT,250,422.55,Buy
01/07/2025,21:12:27,MSFT,250,422.55,Buy
01/08/2025,14:31:10,MSFT,250,423.74,Buy
01/08/2025,14:31:11,AAPL,250,241.73,Buy
01/08/2025,14:32:11,MSFT,250,423.24,Buy
01/08/2025,14:32:11,AAPL,250,241.36,Buy
01/08/2025,14:33:11,MSFT,250,422.96,Buy
01/08/2025,14:42:11,AAPL,250,240.82,Buy
01/08/2025,14:46:11,MSFT,250,425.04,Sell
01/08/2025,14:46:11,AAPL,250,241.14,Sell
01/08/2025,14:47:11,MSFT,250,424.54,Buy
01/08/2025,14:47:11,MSFT,250,424.68,Sell
01/08/2025,14:47:11,AAPL,250,240.68,Buy
01/08/2025,14:47:11,AAPL,250,240.71,Sell
01/08/2025,14:48:11,MSFT,250,424.29,Buy
01/08/2025,14:48:11,MSFT,250,424.49,Sell
01/08/2025,14:49:11,MSFT,250,424.52,Buy
01/08/2025,14:53:11,AAPL,250,240.99,Buy
01/08/2025,14:57:11,AAPL,250,240.95,Sell
01/08/2025,15:00:11,AAPL,250,240.85,Buy
01/08/2025,15:02:11,MSFT,250,426.25,Sell
01/08/2025,15:02:11,AAPL,250,241.16,Sell
01/08/2025,15:03:11,MSFT,250,426.48,Sell
01/08/2025,15:04:11,MSFT,250,426.09,Sell
01/08/2025,15:05:11,MSFT,250,425.76,Buy
01/08/2025,15:06:11,AMZN,250,222.27,Buy
01/08/2025,15:08:11,AAPL,250,241.21,Sell
01/08/2025,15:10:11,AAPL,250,241.29,Buy
01/08/2025,15:11:11,AMZN,250,221.73,Buy
01/08/2025,15:11:11,MSFT,250,425.65,Buy
01/08/2025,15:11:11,AAPL,250,241.44,Buy
01/08/2025,15:12:11,MSFT,250,425.32,Buy
01/08/2025,15:15:11,AAPL,250,241.56,Sell
01/08/2025,15:17:11,AMZN,250,220.94,Buy
01/08/2025,15:20:11,MSFT,250,425.78,Sell
01/08/2025,15:21:11,MSFT,250,425.53,Buy
01/08/2025,15:21:11,AMZN,250,220.80,Sell
01/08/2025,15:22:11,AMZN,250,220.40,Buy
01/08/2025,15:25:11,AAPL,250,242.62,Sell
01/08/2025,15:26:11,MSFT,250,426.19,Sell
01/08/2025,15:26:11,AMZN,250,220.98,Sell
01/08/2025,15:26:11,AAPL,250,242.52,Sell
01/08/2025,15:27:11,MSFT,250,426.43,Sell
01/08/2025,15:28:11,AMZN,250,220.60,Buy
01/08/2025,15:32:11,AMZN,250,221.06,Sell
01/08/2025,15:34:10,MSFT,250,425.37,Buy
01/08/2025,15:35:11,AMZN,250,221.55,Buy
01/08/2025,15:36:11,MSFT,250,426.00,Sell
01/08/2025,15:37:11,AMZN,250,221.99,Sell
01/08/2025,15:38:11,GOOG,250,196.25,Buy
01/08/2025,15:39:11,GOOG,250,196.10,Buy
01/08/2025,15:40:11,GOOG,250,196.05,Buy
01/08/2025,15:43:11,AMZN,250,221.52,Sell
01/08/2025,15:49:10,MSFT,250,425.87,Buy
01/08/2025,15:49:10,MSFT,250,426.00,Sell
01/08/2025,15:50:11,AMZN,250,221.24,Buy
01/08/2025,15:50:11,AMZN,250,221.28,Sell
01/08/2025,15:51:11,AMZN,250,221.27,Buy
01/08/2025,15:52:11,AMZN,250,221.31,Buy
01/08/2025,15:52:11,MSFT,250,426.07,Buy
01/08/2025,15:53:11,GOOG,250,195.86,Sell
01/08/2025,15:54:11,GOOG,250,195.60,Buy
01/08/2025,15:54:11,GOOG,250,195.64,Sell
01/08/2025,15:55:11,GOOG,250,195.89,Buy
01/08/2025,15:55:11,GOOG,250,195.93,Sell
01/08/2025,15:56:10,GOOG,250,195.73,Buy
01/08/2025,16:04:10,MSFT,250,425.68,Sell
01/08/2025,16:05:11,AMZN,250,221.33,Sell
01/08/2025,16:06:11,AMZN,250,221.17,Sell
01/08/2025,16:07:11,MSFT,250,425.00,Sell
01/08/2025,16:07:11,AMZN,250,221.14,Buy
01/08/2025,16:07:11,AMZN,250,221.17,Sell
01/08/2025,16:08:11,AMZN,250,221.00,Buy
01/08/2025,16:09:11,GOOG,250,195.56,Sell
01/08/2025,16:09:11,MSFT,250,425.24,Buy
01/08/2025,16:09:11,AMZN,250,221.28,Buy
01/08/2025,16:10:11,GOOG,250,195.50,Buy
01/08/2025,16:10:11,GOOG,250,195.55,Sell
01/08/2025,16:11:11,GOOG,250,195.54,Buy
01/08/2025,16:11:11,GOOG,250,195.58,Sell
01/08/2025,16:12:11,GOOG,250,195.35,Buy
01/08/2025,16:14:10,MSFT,250,424.88,Buy
01/08/2025,16:20:10,MSFT,250,424.90,Buy
01/08/2025,16:22:11,AAPL,250,242.98,Buy
01/08/2025,16:22:11,AMZN,250,221.64,Sell
01/08/2025,16:23:11,AMZN,250,221.62,Sell
01/08/2025,16:24:11,MSFT,250,425.15,Sell
01/08/2025,16:24:11,AMZN,250,221.73,Sell
01/08/2025,16:25:11,GOOG,250,196.00,Sell
01/08/2025,16:26:11,GOOG,250,195.87,Sell
01/08/2025,16:26:11,AAPL,250,243.02,Buy
01/08/2025,16:27:11,GOOG,250,195.83,Sell
01/08/2025,16:28:11,GOOG,250,195.89,Buy
01/08/2025,16:29:11,MSFT,250,424.80,Sell
01/08/2025,16:30:11,AAPL,250,242.69,Buy
01/08/2025,16:32:11,GOOG,250,195.96,Buy
01/08/2025,16:34:11,GOOG,250,196.09,Buy
01/08/2025,16:35:11,MSFT,250,425.08,Sell
01/08/2025,16:37:11,AAPL,250,243.39,Sell
01/08/2025,16:41:11,AAPL,250,243.36,Sell
01/08/2025,16:43:11,GOOG,250,196.58,Sell
01/08/2025,16:44:11,MSFT,250,425.40,Buy
01/08/2025,16:44:11,GOOG,250,196.36,Buy
01/08/2025,16:45:11,MSFT,250,425.57,Buy
01/08/2025,16:45:11,AAPL,250,243.43,Sell
01/08/2025,16:47:11,GOOG,250,196.67,Sell
01/08/2025,16:49:11,GOOG,250,196.66,Sell
01/08/2025,16:59:11,GOOG,250,196.79,Sell
01/08/2025,16:59:11,MSFT,250,424.94,Sell
01/08/2025,17:00:09,MSFT,250,424.87,Sell
01/08/2025,17:07:11,AAPL,250,242.87,Buy
01/08/2025,17:10:09,MSFT,250,423.70,Buy
01/08/2025,17:10:11,GOOG,250,196.79,Buy
01/08/2025,17:10:11,AMZN,250,221.91,Buy
01/08/2025,17:10:11,AAPL,250,242.59,Buy
01/08/2025,17:11:09,MSFT,250,423.26,Buy
01/08/2025,17:11:11,AAPL,250,242.46,Buy
01/08/2025,17:12:11,AMZN,250,221.67,Buy
01/08/2025,17:13:11,MSFT,250,423.34,Buy
01/08/2025,17:13:11,AMZN,250,221.61,Buy
01/08/2025,17:21:11,GOOG,250,196.36,Buy
01/08/2025,17:22:11,AAPL,250,242.17,Sell
01/08/2025,17:22:11,GOOG,250,196.38,Buy
01/08/2025,17:23:11,AAPL,250,241.90,Buy
01/08/2025,17:25:11,GOOG,250,196.04,Sell
01/08/2025,17:25:11,MSFT,250,422.71,Sell
01/08/2025,17:25:11,META,250,608.06,Buy
01/08/2025,17:25:11,AAPL,250,241.83,Sell
01/08/2025,17:25:11,AMZN,250,221.14,Sell
01/08/2025,17:26:11,MSFT,250,422.73,Buy
01/08/2025,17:26:11,MSFT,250,422.85,Sell
01/08/2025,17:26:11,META,250,608.06,Buy
01/08/2025,17:26:11,AMZN,250,221.14,Buy
01/08/2025,17:26:11,GOOG,250,196.11,Buy
01/08/2025,17:26:11,AAPL,250,241.87,Buy
01/08/2025,17:26:11,AAPL,250,241.90,Sell
01/08/2025,17:27:09,MSFT,250,422.80,Buy
01/08/2025,17:27:11,AAPL,250,241.87,Buy
01/08/2025,17:27:11,AMZN,250,221.20,Sell
01/08/2025,17:28:11,MSFT,250,422.48,Sell
01/08/2025,17:28:11,AMZN,250,220.98,Buy
01/08/2025,17:28:11,AMZN,250,221.00,Sell
01/08/2025,17:29:11,MSFT,250,421.60,Buy
01/08/2025,17:29:11,AMZN,250,220.61,Buy
01/08/2025,17:30:11,META,250,605.91,Buy
01/08/2025,17:36:11,GOOG,250,195.66,Sell
01/08/2025,17:37:11,GOOG,250,195.59,Buy
01/08/2025,17:37:11,GOOG,250,195.62,Sell
01/08/2025,17:38:11,AAPL,250,241.44,Sell
01/08/2025,17:39:11,AAPL,250,241.29,Buy
01/08/2025,17:40:09,META,250,606.77,Sell
01/08/2025,17:41:11,META,250,607.71,Sell
01/08/2025,17:41:11,MSFT,250,422.24,Sell
01/08/2025,17:41:11,AAPL,250,241.40,Sell
01/08/2025,17:41:11,AMZN,250,220.91,Sell
01/08/2025,17:41:11,GOOG,250,195.70,Buy
01/08/2025,17:41:11,GOOG,250,195.74,Sell
01/08/2025,17:42:11,MSFT,250,422.38,Sell
01/08/2025,17:42:11,GOOG,250,195.78,Buy
01/08/2025,17:42:11,AAPL,250,241.41,Buy
01/08/2025,17:42:11,AAPL,250,241.44,Sell
01/08/2025,17:42:11,AMZN,250,221.07,Buy
01/08/2025,17:43:11,AAPL,250,241.47,Buy
01/08/2025,17:43:11,AMZN,250,221.09,Sell
01/08/2025,17:44:11,MSFT,250,422.40,Sell
01/08/2025,17:44:11,AMZN,250,221.15,Buy
01/08/2025,17:44:11,AMZN,250,221.18,Sell
01/08/2025,17:45:11,META,250,608.12,Sell
01/08/2025,17:45:11,AMZN,250,221.06,Buy
01/08/2025,17:52:11,GOOG,250,195.76,Sell
01/08/2025,17:53:11,GOOG,250,195.96,Buy
01/08/2025,17:54:11,AAPL,250,241.50,Sell
01/08/2025,17:56:11,AAPL,250,241.48,Buy
01/08/2025,17:56:11,GOOG,250,196.11,Sell
01/08/2025,17:57:11,GOOG,250,196.06,Buy
01/08/2025,17:57:11,GOOG,250,196.08,Sell
01/08/2025,17:57:11,AMZN,250,221.44,Sell
01/08/2025,17:57:11,AAPL,250,241.39,Sell
01/08/2025,17:58:09,AAPL,250,241.43,Sell
01/08/2025,17:58:11,GOOG,250,196.10,Buy
01/08/2025,17:59:11,AAPL,250,241.42,Buy
01/08/2025,17:59:11,AMZN,250,221.63,Sell
01/08/2025,18:00:11,AMZN,250,221.54,Buy
01/08/2025,18:00:11,AMZN,250,221.58,Sell
01/08/2025,18:01:11,AAPL,250,241.65,Buy
01/08/2025,18:02:11,AMZN,250,222.02,Buy
01/08/2025,18:08:11,GOOG,250,196.48,Sell
01/08/2025,18:10:11,GOOG,250,196.49,Buy
01/08/2025,18:11:11,AAPL,250,242.19,Sell
01/08/2025,18:12:11,GOOG,250,196.55,Sell
01/08/2025,18:13:11,GOOG,250,196.61,Buy
01/08/2025,18:13:11,GOOG,250,196.64,Sell
01/08/2025,18:14:11,AAPL,250,241.98,Sell
01/08/2025,18:15:11,AMZN,250,222.48,Sell
01/08/2025,18:16:11,GOOG,250,196.65,Buy
01/08/2025,18:16:11,AAPL,250,242.04,Sell
01/08/2025,18:17:11,AMZN,250,222.48,Sell
01/08/2025,18:25:11,GOOG,250,196.92,Sell
01/08/2025,18:28:11,GOOG,250,197.12,Sell
01/08/2025,18:29:11,GOOG,250,196.98,Buy
01/08/2025,18:31:11,GOOG,250,196.75,Buy
01/08/2025,18:31:11,GOOG,250,196.76,Sell
01/08/2025,18:33:11,GOOG,250,196.70,Buy
01/08/2025,18:44:09,MSFT,250,424.20,Buy
01/08/2025,18:44:11,GOOG,250,196.78,Sell
01/08/2025,18:46:11,GOOG,250,196.73,Buy
01/08/2025,18:46:11,GOOG,250,196.76,Sell
01/08/2025,18:47:09,GOOG,250,196.71,Buy
01/08/2025,18:48:09,META,250,611.12,Buy
01/08/2025,18:48:11,GOOG,250,196.58,Sell
01/08/2025,18:51:11,GOOG,250,196.36,Buy
01/08/2025,18:55:11,AAPL,250,241.26,Buy
01/08/2025,18:56:11,MSFT,250,422.88,Buy
01/08/2025,18:57:11,AAPL,250,241.22,Buy
01/08/2025,18:57:11,AMZN,250,221.95,Buy
01/08/2025,18:58:11,AAPL,250,241.34,Buy
01/08/2025,18:58:11,AMZN,250,222.09,Buy
01/08/2025,18:59:11,MSFT,250,423.50,Sell
01/08/2025,18:59:11,AMZN,250,222.11,Buy
01/08/2025,19:00:11,MSFT,250,423.40,Buy
01/08/2025,19:01:11,MSFT,250,423.28,Buy
01/08/2025,19:01:11,GOOG,250,196.01,Sell
01/08/2025,19:02:11,GOOG,250,195.95,Buy
01/08/2025,19:02:11,GOOG,250,196.00,Sell
01/08/2025,19:03:11,META,250,610.63,Sell
01/08/2025,19:03:11,GOOG,250,195.92,Buy
01/08/2025,19:06:11,GOOG,250,196.20,Sell
01/08/2025,19:07:11,GOOG,250,196.16,Buy
01/08/2025,19:10:11,AAPL,250,242.00,Sell
01/08/2025,19:11:09,MSFT,250,424.50,Sell
01/08/2025,19:12:11,MSFT,250,424.07,Buy
01/08/2025,19:12:11,AAPL,250,241.84,Buy
01/08/2025,19:12:11,AAPL,250,241.88,Sell
01/08/2025,19:12:11,AMZN,250,222.73,Sell
01/08/2025,19:13:11,AMZN,250,222.67,Sell
01/08/2025,19:13:11,AAPL,250,241.74,Buy
01/08/2025,19:13:11,AAPL,250,241.78,Sell
01/08/2025,19:14:11,AMZN,250,222.75,Sell
01/08/2025,19:14:11,AAPL,250,241.65,Buy
01/08/2025,19:15:11,MSFT,250,423.76,Sell
01/08/2025,19:16:11,MSFT,250,423.87,Buy
01/08/2025,19:16:11,MSFT,250,424.00,Sell
01/08/2025,19:17:10,MSFT,250,423.86,Buy
01/08/2025,19:17:11,AMZN,250,222.93,Buy
01/08/2025,19:17:11,GOOG,250,196.45,Sell
01/08/2025,19:18:11,GOOG,250,196.50,Sell
01/08/2025,19:19:09,AMZN,250,222.99,Buy
01/08/2025,19:21:11,GOOG,250,196.59,Buy
01/08/2025,19:22:11,GOOG,250,196.56,Buy
01/08/2025,19:22:11,GOOG,250,196.58,Sell
01/08/2025,19:23:11,GOOG,250,196.59,Buy
01/08/2025,19:27:11,MSFT,250,424.73,Sell
01/08/2025,19:27:11,AAPL,250,242.56,Sell
01/08/2025,19:28:11,AAPL,250,242.99,Sell
01/08/2025,19:29:11,AAPL,250,242.81,Sell
01/08/2025,19:31:11,MSFT,250,424.52,Sell
01/08/2025,19:32:11,AMZN,250,222.76,Sell
01/08/2025,19:32:11,MSFT,250,424.50,Sell
01/08/2025,19:33:09,MSFT,250,424.54,Buy
01/08/2025,19:34:11,AMZN,250,222.66,Sell
01/08/2025,19:34:11,MSFT,250,424.69,Buy
01/08/2025,19:35:11,MSFT,250,424.48,Buy
01/08/2025,19:36:11,GOOG,250,196.31,Sell
01/08/2025,19:37:11,GOOG,250,196.23,Sell
01/08/2025,19:38:11,GOOG,250,196.30,Sell
01/08/2025,19:39:10,GOOG,250,196.19,Buy
01/08/2025,19:40:11,GOOG,250,195.99,Buy
01/08/2025,19:41:11,AMZN,250,222.15,Buy
01/08/2025,19:41:11,GOOG,250,195.89,Buy
01/08/2025,19:42:11,AMZN,250,222.19,Buy
01/08/2025,19:43:11,AMZN,250,222.02,Buy
01/08/2025,19:48:11,MSFT,250,423.62,Sell
01/08/2025,19:49:11,MSFT,250,423.74,Sell
01/08/2025,19:50:11,MSFT,250,423.87,Buy
01/08/2025,19:50:11,MSFT,250,423.94,Sell
01/08/2025,19:54:11,GOOG,250,195.78,Sell
01/08/2025,19:55:11,GOOG,250,195.67,Buy
01/08/2025,19:55:11,GOOG,250,195.68,Sell
01/08/2025,19:56:11,GOOG,250,195.76,Buy
01/08/2025,19:56:11,GOOG,250,195.79,Sell
01/08/2025,19:56:11,AMZN,250,222.03,Sell
01/08/2025,19:57:11,AMZN,250,222.04,Buy
01/08/2025,19:57:11,AMZN,250,222.07,Sell
01/08/2025,19:57:11,GOOG,250,195.79,Buy
01/08/2025,19:58:11,AMZN,250,222.01,Buy
01/08/2025,19:58:11,AMZN,250,222.04,Sell
01/08/2025,19:59:11,AMZN,250,221.87,Buy
01/08/2025,19:59:11,MSFT,250,423.50,Buy
01/08/2025,20:01:10,MSFT,250,423.64,Buy
01/08/2025,20:02:11,AAPL,250,242.08,Buy
01/08/2025,20:05:11,MSFT,250,423.68,Sell
01/08/2025,20:06:11,MSFT,250,423.42,Buy
01/08/2025,20:09:11,AAPL,250,241.93,Buy
01/08/2025,20:10:11,GOOG,250,195.64,Sell
01/08/2025,20:11:11,AAPL,250,241.88,Buy
01/08/2025,20:11:11,GOOG,250,195.37,Buy
01/08/2025,20:11:11,GOOG,250,195.41,Sell
01/08/2025,20:12:11,GOOG,250,195.32,Buy
01/08/2025,20:12:11,GOOG,250,195.36,Sell
01/08/2025,20:12:11,AMZN,250,221.57,Sell
01/08/2025,20:13:11,AMZN,250,221.51,Buy
01/08/2025,20:13:11,AMZN,250,221.54,Sell
01/08/2025,20:13:11,GOOG,250,195.33,Buy
01/08/2025,20:14:10,MSFT,250,423.34,Sell
01/08/2025,20:14:11,AMZN,250,221.51,Buy
01/08/2025,20:14:11,AMZN,250,221.52,Sell
01/08/2025,20:15:11,AMZN,250,221.55,Buy
01/08/2025,20:16:11,MSFT,250,423.80,Sell
01/08/2025,20:17:11,AAPL,250,242.04,Sell
01/08/2025,20:21:11,MSFT,250,424.18,Sell
01/08/2025,20:22:11,AAPL,250,242.17,Buy
01/08/2025,20:24:11,AAPL,250,242.29,Sell
01/08/2025,20:26:11,AAPL,250,242.25,Sell
01/08/2025,20:26:11,GOOG,250,195.46,Sell
01/08/2025,20:27:11,GOOG,250,195.40,Buy
01/08/2025,20:27:11,GOOG,250,195.42,Sell
01/08/2025,20:27:11,AAPL,250,242.31,Buy
01/08/2025,20:28:11,META,250,610.29,Buy
01/08/2025,20:28:11,GOOG,250,195.39,Buy
01/08/2025,20:28:11,GOOG,250,195.42,Sell
01/08/2025,20:28:11,AMZN,250,221.82,Sell
01/08/2025,20:29:11,AMZN,250,221.84,Buy
01/08/2025,20:29:11,AMZN,250,221.86,Sell
01/08/2025,20:29:11,GOOG,250,195.44,Buy
01/08/2025,20:30:11,AMZN,250,221.82,Buy
01/08/2025,20:30:11,AMZN,250,221.84,Sell
01/08/2025,20:31:11,AMZN,250,221.83,Buy
01/08/2025,20:35:11,MSFT,250,424.11,Buy
01/08/2025,20:37:11,AAPL,250,242.14,Sell
01/08/2025,20:41:11,AAPL,250,241.97,Buy
01/08/2025,20:42:11,MSFT,250,424.18,Buy
01/08/2025,20:42:11,AAPL,250,242.01,Sell
01/08/2025,20:42:11,GOOG,250,195.11,Sell
01/08/2025,20:43:10,GOOG,250,195.08,Sell
01/08/2025,20:43:11,META,250,608.89,Sell
01/08/2025,20:44:11,GOOG,250,195.22,Sell
01/08/2025,20:44:11,AMZN,250,221.70,Sell
01/08/2025,20:45:11,AMZN,250,221.72,Buy
01/08/2025,20:45:11,AMZN,250,221.74,Sell
01/08/2025,20:46:11,AMZN,250,221.61,Buy
01/08/2025,20:46:11,AMZN,250,221.64,Sell
01/08/2025,20:46:11,GOOG,250,195.29,Buy
01/08/2025,20:47:11,AMZN,250,221.59,Buy
01/08/2025,20:48:11,MSFT,250,423.80,Buy
01/08/2025,20:50:11,GOOG,250,195.39,Buy
01/08/2025,20:50:11,MSFT,250,424.15,Sell
01/08/2025,20:51:11,MSFT,250,423.97,Buy
01/08/2025,20:52:11,GOOG,250,195.27,Buy
01/08/2025,20:56:11,AAPL,250,242.72,Sell
01/08/2025,20:57:11,MSFT,250,424.62,Sell
01/08/2025,20:58:11,MSFT,250,424.60,Buy
01/08/2025,21:00:10,AMZN,250,222.48,Sell
01/08/2025,21:01:10,AMZN,250,222.48,Sell
01/08/2025,21:01:10,GOOG,250,195.87,Sell
01/08/2025,21:02:04,AMZN,250,222.67,Sell
01/08/2025,21:03:10,MSFT,250,424.90,Sell
01/08/2025,21:05:11,GOOG,250,195.56,Sell
01/08/2025,21:06:11,MSFT,250,424.98,Sell
01/08/2025,21:06:41,GOOG,250,195.50,Sell
01/08/2025,21:13:11,MSFT,250,424.40,Sell
01/10/2025,14:30:11,AAPL,250,239.55,Buy
01/10/2025,14:31:11,AAPL,250,240.01,Buy
01/10/2025,14:31:11,AMZN,250,220.75,Buy
01/10/2025,14:32:11,AAPL,250,238.89,Buy
01/10/2025,14:32:11,META,250,613.71,Buy
01/10/2025,14:34:11,META,250,614.63,Buy
01/10/2025,14:35:10,META,250,612.81,Buy
01/10/2025,14:36:11,AMZN,250,219.50,Buy
01/10/2025,14:37:11,AMZN,250,219.51,Buy
01/10/2025,14:45:11,AAPL,250,239.00,Sell
01/10/2025,14:46:11,AMZN,250,219.10,Sell
01/10/2025,14:46:11,AAPL,250,238.75,Buy
01/10/2025,14:46:11,AAPL,250,238.80,Sell
01/10/2025,14:47:11,META,250,604.56,Sell
01/10/2025,14:47:11,AAPL,250,238.53,Buy
01/10/2025,14:47:11,AAPL,250,238.59,Sell
01/10/2025,14:47:11,AMZN,250,218.46,Buy
01/10/2025,14:48:11,AAPL,250,238.07,Buy
01/10/2025,14:49:11,META,250,604.62,Sell
01/10/2025,14:49:11,GOOG,250,193.52,Buy
01/10/2025,14:50:11,META,250,605.85,Sell
01/10/2025,14:51:11,GOOG,250,193.17,Buy
01/10/2025,14:51:11,AMZN,250,218.34,Sell
01/10/2025,14:52:11,AMZN,250,218.13,Buy
01/10/2025,14:52:11,AMZN,250,218.18,Sell
01/10/2025,14:53:11,AMZN,250,217.80,Buy
01/10/2025,14:56:11,GOOG,250,193.15,Buy
01/10/2025,14:58:11,META,250,606.47,Buy
01/10/2025,15:01:11,AAPL,250,237.05,Sell
01/10/2025,15:02:11,AAPL,250,237.09,Buy
01/10/2025,15:02:11,AAPL,250,237.13,Sell
01/10/2025,15:02:11,META,250,602.50,Buy
01/10/2025,15:02:11,AMZN,250,217.28,Sell
01/10/2025,15:03:11,AAPL,250,236.94,Buy
01/10/2025,15:03:11,AAPL,250,236.98,Sell
01/10/2025,15:03:11,META,250,602.52,Buy
01/10/2025,15:04:11,AAPL,250,236.90,Buy
01/10/2025,15:04:11,AMZN,250,217.00,Buy
01/10/2025,15:04:11,GOOG,250,192.48,Sell
01/10/2025,15:05:11,GOOG,250,192.41,Buy
01/10/2025,15:06:11,GOOG,250,192.54,Sell
01/10/2025,15:07:11,AMZN,250,217.02,Sell
01/10/2025,15:07:11,GOOG,250,192.39,Buy
01/10/2025,15:08:11,AMZN,250,216.71,Sell
01/10/2025,15:09:11,AMZN,250,216.70,Buy
01/10/2025,15:10:11,AMZN,250,216.85,Buy
01/10/2025,15:11:11,GOOG,250,191.87,Sell
01/10/2025,15:12:11,GOOG,250,191.72,Buy
01/10/2025,15:13:11,META,250,598.44,Sell
01/10/2025,15:14:11,META,250,598.83,Buy
01/10/2025,15:17:11,META,250,600.92,Sell
01/10/2025,15:17:11,AAPL,250,236.50,Sell
01/10/2025,15:18:11,META,250,600.87,Buy
01/10/2025,15:18:11,META,250,601.48,Sell
01/10/2025,15:18:11,AAPL,250,236.34,Buy
01/10/2025,15:18:11,AAPL,250,236.37,Sell
01/10/2025,15:19:11,AAPL,250,236.51,Buy
01/10/2025,15:19:11,AAPL,250,236.54,Sell
01/10/2025,15:19:11,AMZN,250,217.56,Sell
01/10/2025,15:20:11,GOOG,250,192.79,Sell
01/10/2025,15:20:11,AMZN,250,217.51,Buy
01/10/2025,15:20:11,AAPL,250,236.59,Buy
01/10/2025,15:20:11,META,250,601.92,Buy
01/10/2025,15:21:11,GOOG,250,192.61,Buy
01/10/2025,15:22:11,GOOG,250,192.89,Sell
01/10/2025,15:23:11,GOOG,250,192.94,Buy
01/10/2025,15:24:11,AMZN,250,217.76,Sell
01/10/2025,15:25:11,AMZN,250,217.90,Sell
01/10/2025,15:27:11,GOOG,250,193.27,Sell
01/10/2025,15:29:11,META,250,614.94,Sell
01/10/2025,15:33:11,META,250,611.06,Sell
01/10/2025,15:33:11,AAPL,250,236.88,Sell
01/10/2025,15:34:11,AAPL,250,237.25,Sell
01/10/2025,15:35:11,AAPL,250,237.18,Sell
01/10/2025,15:35:11,META,250,614.89,Sell
01/10/2025,15:35:11,AMZN,250,218.50,Sell
01/10/2025,15:36:11,GOOG,250,194.35,Sell
01/10/2025,15:38:11,GOOG,250,194.71,Sell
01/10/2025,15:44:11,META,250,619.18,Buy
01/10/2025,15:53:11,META,250,617.63,Buy
01/10/2025,15:55:11,MSFT,250,418.86,Sell
01/10/2025,15:57:11,META,250,616.20,Buy
01/10/2025,15:58:11,AAPL,250,235.49,Buy
01/10/2025,15:59:11,META,250,614.74,Sell
01/10/2025,15:59:11,AAPL,250,235.84,Buy
01/10/2025,16:00:11,AAPL,250,235.89,Buy
01/10/2025,16:05:11,META,250,611.00,Buy
01/10/2025,16:08:11,META,250,612.52,Sell
01/10/2025,16:08:11,AMZN,250,217.50,Buy
01/10/2025,16:09:09,META,250,612.00,Buy
01/10/2025,16:09:11,AMZN,250,217.47,Buy
01/10/2025,16:10:11,MSFT,250,416.92,Buy
01/10/2025,16:11:11,AMZN,250,217.53,Buy
01/10/2025,16:12:11,META,250,613.07,Sell
01/10/2025,16:13:11,AAPL,250,235.62,Sell
01/10/2025,16:14:11,AAPL,250,235.38,Sell
01/10/2025,16:15:11,AAPL,250,235.30,Sell
01/10/2025,16:17:11,GOOG,250,193.78,Buy
01/10/2025,16:18:11,AAPL,250,235.08,Buy
01/10/2025,16:19:11,AAPL,250,234.94,Buy
01/10/2025,16:20:07,META,250,613.48,Sell
01/10/2025,16:20:11,AAPL,250,234.92,Buy
01/10/2025,16:20:11,GOOG,250,193.65,Buy
01/10/2025,16:23:10,META,250,615.05,Buy
01/10/2025,16:23:11,AMZN,250,217.87,Sell
01/10/2025,16:23:11,GOOG,250,193.72,Buy
01/10/2025,16:24:09,META,250,615.32,Sell
01/10/2025,16:24:11,AMZN,250,217.88,Buy
01/10/2025,16:24:11,AMZN,250,217.90,Sell
01/10/2025,16:26:11,AMZN,250,218.06,Sell
01/10/2025,16:29:11,AMZN,250,217.69,Buy
01/10/2025,16:32:11,GOOG,250,193.74,Sell
01/10/2025,16:33:11,AAPL,250,234.50,Sell
01/10/2025,16:34:11,GOOG,250,193.82,Buy
01/10/2025,16:34:11,AAPL,250,234.32,Buy
01/10/2025,16:34:11,AAPL,250,234.36,Sell
01/10/2025,16:35:11,GOOG,250,193.67,Sell
01/10/2025,16:35:11,AAPL,250,233.94,Buy
01/10/2025,16:35:11,AAPL,250,233.98,Sell
01/10/2025,16:36:11,GOOG,250,193.75,Buy
01/10/2025,16:36:11,AAPL,250,233.73,Buy
01/10/2025,16:38:11,AMZN,250,217.29,Buy
01/10/2025,16:38:11,META,250,613.47,Sell
01/10/2025,16:38:11,GOOG,250,193.56,Sell
01/10/2025,16:39:11,GOOG,250,193.63,Buy
01/10/2025,16:39:11,AMZN,250,217.39,Sell
01/10/2025,16:44:11,AMZN,250,218.04,Buy
01/10/2025,16:44:11,AMZN,250,218.08,Sell
01/10/2025,16:45:10,MSFT,250,418.12,Sell
01/10/2025,16:46:11,MSFT,250,418.11,Sell
01/10/2025,16:49:11,GOOG,250,193.67,Sell
01/10/2025,16:49:11,AAPL,250,234.25,Sell
01/10/2025,16:50:11,AAPL,250,234.43,Sell
01/10/2025,16:51:11,GOOG,250,193.71,Sell
01/10/2025,16:51:11,AAPL,250,234.28,Sell
01/10/2025,16:52:11,GOOG,250,193.65,Buy
01/10/2025,16:53:11,AMZN,250,217.93,Sell
01/10/2025,16:54:11,GOOG,250,194.00,Sell
01/10/2025,16:56:11,GOOG,250,193.62,Buy
01/10/2025,16:59:11,AMZN,250,217.28,Sell
01/10/2025,17:00:11,MSFT,250,416.36,Buy
01/10/2025,17:01:08,MSFT,250,416.46,Buy
01/10/2025,17:02:11,GOOG,250,193.41,Buy
01/10/2025,17:04:11,AMZN,250,217.03,Buy
01/10/2025,17:07:11,GOOG,250,193.08,Sell
01/10/2025,17:11:11,GOOG,250,192.92,Sell
01/10/2025,17:14:11,GOOG,250,192.79,Buy
01/10/2025,17:17:11,GOOG,250,193.12,Sell
01/10/2025,17:19:11,AMZN,250,217.63,Sell
01/10/2025,17:26:11,AAPL,250,235.62,Buy
01/10/2025,17:27:11,GOOG,250,193.33,Buy
01/10/2025,17:28:11,AAPL,250,235.40,Buy
01/10/2025,17:29:11,GOOG,250,193.49,Sell
01/10/2025,17:31:11,AAPL,250,235.45,Buy
01/10/2025,17:35:11,MSFT,250,418.80,Sell
01/10/2025,17:36:11,GOOG,250,193.65,Buy
01/10/2025,17:37:11,MSFT,250,418.76,Sell
01/10/2025,17:38:11,MSFT,250,419.27,Sell
01/10/2025,17:41:11,AAPL,250,235.44,Sell
01/10/2025,17:42:11,GOOG,250,194.26,Sell
01/10/2025,17:43:11,AAPL,250,235.52,Sell
01/10/2025,17:46:11,AAPL,250,235.67,Sell
01/10/2025,17:50:11,MSFT,250,419.95,Buy
01/10/2025,17:51:11,GOOG,250,194.47,Sell
01/10/2025,17:51:11,MSFT,250,420.06,Sell
01/10/2025,17:52:11,MSFT,250,419.81,Buy
01/10/2025,17:52:11,AAPL,250,235.76,Buy
01/10/2025,17:53:10,MSFT,250,420.00,Sell
01/10/2025,17:53:10,MSFT,250,419.90,Buy
01/10/2025,17:56:11,MSFT,250,420.06,Sell
01/10/2025,18:06:11,MSFT,250,419.67,Buy
01/10/2025,18:07:11,AAPL,250,236.42,Sell
01/10/2025,18:08:08,MSFT,250,420.21,Buy
01/10/2025,18:11:11,MSFT,250,420.67,Buy
01/10/2025,18:14:09,MSFT,250,420.61,Sell
01/10/2025,18:16:11,GOOG,250,194.59,Buy
01/10/2025,18:19:11,GOOG,250,194.62,Buy
01/10/2025,18:21:11,GOOG,250,194.60,Buy
01/10/2025,18:29:11,MSFT,250,422.33,Buy
01/10/2025,18:31:11,GOOG,250,194.91,Sell
01/10/2025,18:32:11,GOOG,250,194.99,Buy
01/10/2025,18:34:11,GOOG,250,195.20,Sell
01/10/2025,18:36:11,GOOG,250,195.35,Sell
01/10/2025,18:47:11,GOOG,250,195.57,Sell
01/10/2025,18:58:11,AAPL,250,237.50,Buy
01/10/2025,18:58:11,AMZN,250,220.73,Buy
01/10/2025,18:59:11,AAPL,250,237.45,Buy
01/10/2025,19:03:11,GOOG,250,195.73,Buy
01/10/2025,19:06:11,AAPL,250,236.67,Buy
01/10/2025,19:11:09,META,250,624.54,Buy
01/10/2025,19:12:10,META,250,624.70,Buy
01/10/2025,19:13:11,AMZN,250,219.85,Sell
01/10/2025,19:13:11,AAPL,250,236.69,Sell
01/10/2025,19:14:11,META,250,625.01,Buy
01/10/2025,19:14:11,AAPL,250,236.59,Buy
01/10/2025,19:14:11,AAPL,250,236.62,Sell
01/10/2025,19:15:11,AAPL,250,236.57,Buy
01/10/2025,19:18:10,GOOG,250,195.27,Sell
01/10/2025,19:21:11,AAPL,250,236.60,Sell
01/10/2025,19:21:11,GOOG,250,195.04,Buy
01/10/2025,19:22:11,GOOG,250,194.90,Buy
01/10/2025,19:23:10,GOOG,250,194.89,Buy
01/10/2025,19:26:11,META,250,623.65,Sell
01/10/2025,19:27:11,META,250,623.90,Sell
01/10/2025,19:27:11,AMZN,250,219.88,Buy
01/10/2025,19:29:01,MSFT,250,421.80,Sell
01/10/2025,19:29:11,AMZN,250,219.97,Buy
01/10/2025,19:29:11,META,250,623.95,Sell
01/10/2025,19:29:11,AAPL,250,236.87,Sell
01/10/2025,19:30:11,AAPL,250,236.77,Sell
01/10/2025,19:30:11,AMZN,250,219.90,Buy
01/10/2025,19:36:11,GOOG,250,194.78,Sell
01/10/2025,19:37:11,GOOG,250,194.88,Sell
01/10/2025,19:38:11,GOOG,250,194.68,Buy
01/10/2025,19:38:11,GOOG,250,194.70,Sell
01/10/2025,19:39:11,GOOG,250,194.76,Buy
01/10/2025,19:40:11,GOOG,250,194.75,Buy
01/10/2025,19:42:11,AMZN,250,219.52,Sell
01/10/2025,19:44:11,MSFT,250,420.90,Buy
01/10/2025,19:44:11,AMZN,250,219.48,Sell
01/10/2025,19:45:11,AMZN,250,219.44,Sell
01/10/2025,19:46:11,AMZN,250,219.32,Buy
01/10/2025,19:47:11,AAPL,250,236.17,Buy
01/10/2025,19:48:11,AAPL,250,236.12,Buy
01/10/2025,19:49:11,AAPL,250,236.11,Buy
01/10/2025,19:53:11,GOOG,250,194.55,Sell
01/10/2025,19:54:11,GOOG,250,194.56,Sell
01/10/2025,19:55:11,GOOG,250,194.63,Sell
01/10/2025,20:01:11,AMZN,250,219.44,Sell
01/10/2025,20:02:11,AAPL,250,236.04,Sell
01/10/2025,20:03:11,AMZN,250,219.82,Buy
01/10/2025,20:03:11,AAPL,250,236.14,Sell
01/10/2025,20:04:11,AAPL,250,236.00,Sell
01/10/2025,20:05:11,GOOG,250,194.39,Buy
01/10/2025,20:05:11,MSFT,250,421.20,Sell
01/10/2025,20:06:11,GOOG,250,194.44,Buy
01/10/2025,20:09:11,META,250,621.17,Buy
01/10/2025,20:14:11,GOOG,250,193.81,Buy
01/10/2025,20:15:11,AMZN,250,219.12,Buy
01/10/2025,20:18:11,AMZN,250,218.87,Sell
01/10/2025,20:20:10,MSFT,250,420.41,Buy
01/10/2025,20:20:11,META,250,619.13,Buy
01/10/2025,20:20:11,GOOG,250,193.70,Sell
01/10/2025,20:21:11,GOOG,250,193.65,Buy
01/10/2025,20:21:11,GOOG,250,193.67,Sell
01/10/2025,20:22:11,META,250,618.75,Buy
01/10/2025,20:24:11,META,250,619.08,Sell
01/10/2025,20:26:11,GOOG,250,193.54,Buy
01/10/2025,20:27:11,AMZN,250,218.75,Buy
01/10/2025,20:28:11,AAPL,250,236.09,Buy
01/10/2025,20:29:11,GOOG,250,193.31,Sell
01/10/2025,20:30:11,GOOG,250,193.32,Buy
01/10/2025,20:30:11,AMZN,250,218.97,Sell
01/10/2025,20:30:11,AAPL,250,235.98,Buy
01/10/2025,20:31:11,AAPL,250,236.03,Buy
01/10/2025,20:35:11,META,250,616.61,Sell
01/10/2025,20:36:11,GOOG,250,193.21,Sell
01/10/2025,20:37:11,META,250,616.55,Sell
01/10/2025,20:38:11,GOOG,250,193.53,Buy
01/10/2025,20:41:11,GOOG,250,193.49,Sell
01/10/2025,20:42:11,AMZN,250,218.82,Buy
01/10/2025,20:42:11,AMZN,250,218.84,Sell
01/10/2025,20:43:11,GOOG,250,193.39,Buy
01/10/2025,20:43:11,AAPL,250,236.35,Sell
01/10/2025,20:43:11,AMZN,250,219.01,Buy
01/10/2025,20:45:11,GOOG,250,193.31,Sell
01/10/2025,20:45:11,AAPL,250,236.32,Sell
01/10/2025,20:46:11,AAPL,250,236.35,Sell
01/10/2025,20:48:11,META,250,615.00,Buy
01/10/2025,20:48:11,AMZN,250,218.98,Buy
01/10/2025,20:50:11,META,250,616.14,Buy
01/10/2025,20:51:11,META,250,616.58,Buy
01/10/2025,20:52:11,GOOG,250,193.21,Buy
01/10/2025,20:53:11,GOOG,250,193.32,Sell
01/10/2025,20:57:11,AMZN,250,219.12,Sell
01/10/2025,20:58:11,GOOG,250,193.43,Sell
01/10/2025,20:58:11,AMZN,250,219.11,Sell
01/10/2025,21:02:43,AMZN,250,218.93,Sell
01/10/2025,21:03:08,META,250,615.86,Sell
01/10/2025,21:05:08,META,250,616.98,Sell
01/10/2025,21:06:11,META,250,616.39,Sell
01/10/2025,21:06:38,GOOG,250,193.40,Sell
01/13/2025,14:31:11,GOOG,250,190.41,Buy
01/13/2025,14:32:11,GOOG,250,190.49,Buy
01/13/2025,14:33:11,GOOG,250,190.06,Buy
01/13/2025,14:36:11,MSFT,250,417.82,Sell
01/13/2025,14:37:11,MSFT,250,417.88,Sell
01/13/2025,14:38:11,MSFT,250,417.91,Sell
01/13/2025,14:38:11,AAPL,250,230.51,Buy
01/13/2025,14:39:11,AAPL,250,230.75,Buy
01/13/2025,14:40:11,META,250,601.30,Sell
01/13/2025,14:40:11,AAPL,250,230.42,Buy
01/13/2025,14:41:11,META,250,602.29,Sell
01/13/2025,14:42:11,META,250,601.03,Sell
01/13/2025,14:46:11,GOOG,250,189.48,Sell
01/13/2025,14:46:11,AMZN,250,216.80,Buy
01/13/2025,14:47:11,GOOG,250,189.37,Buy
01/13/2025,14:47:11,GOOG,250,189.42,Sell
01/13/2025,14:48:11,AMZN,250,217.17,Buy
01/13/2025,14:48:11,GOOG,250,189.33,Buy
01/13/2025,14:48:11,GOOG,250,189.36,Sell
01/13/2025,14:49:11,GOOG,250,189.90,Buy
01/13/2025,14:51:10,MSFT,250,414.52,Buy
01/13/2025,14:52:11,MSFT,250,414.35,Buy
01/13/2025,14:53:10,MSFT,250,414.39,Sell
01/13/2025,14:53:10,MSFT,250,414.28,Buy
01/13/2025,14:53:11,AAPL,250,230.48,Sell
01/13/2025,14:54:11,AAPL,250,231.00,Buy
01/13/2025,14:54:11,AAPL,250,231.02,Sell
01/13/2025,14:55:11,META,250,605.71,Buy
01/13/2025,14:55:11,AAPL,250,231.32,Buy
01/13/2025,14:55:11,AAPL,250,231.35,Sell
01/13/2025,14:55:11,MSFT,250,415.38,Sell
01/13/2025,14:56:11,AAPL,250,231.27,Buy
01/13/2025,14:56:11,META,250,605.73,Buy
01/13/2025,14:57:11,META,250,606.15,Buy
01/13/2025,15:01:11,AMZN,250,218.05,Sell
01/13/2025,15:02:11,GOOG,250,190.75,Sell
01/13/2025,15:03:11,GOOG,250,190.84,Sell
01/13/2025,15:03:11,AMZN,250,218.28,Sell
01/13/2025,15:04:11,GOOG,250,190.88,Sell
01/13/2025,15:08:11,MSFT,250,415.76,Sell
01/13/2025,15:08:11,MSFT,250,415.70,Buy
01/13/2025,15:09:11,AAPL,250,230.99,Sell
01/13/2025,15:09:11,MSFT,250,415.75,Sell
01/13/2025,15:10:11,MSFT,250,415.10,Buy
01/13/2025,15:10:11,AAPL,250,231.04,Sell
01/13/2025,15:11:11,MSFT,250,414.83,Sell
01/13/2025,15:11:11,AAPL,250,231.14,Buy
01/13/2025,15:11:11,AAPL,250,231.16,Sell
01/13/2025,15:13:11,GOOG,250,190.95,Buy
01/13/2025,15:14:11,GOOG,250,190.85,Buy
01/13/2025,15:23:11,GOOG,250,190.74,Buy
01/13/2025,15:23:11,MSFT,250,414.47,Buy
01/13/2025,15:24:11,MSFT,250,414.15,Buy
01/13/2025,15:26:11,MSFT,250,414.10,Buy
01/13/2025,15:26:11,AAPL,250,230.46,Sell
01/13/2025,15:26:11,AMZN,250,217.62,Buy
01/13/2025,15:28:11,GOOG,250,190.91,Sell
01/13/2025,15:29:11,GOOG,250,190.73,Buy
01/13/2025,15:29:11,GOOG,250,190.76,Sell
01/13/2025,15:32:11,GOOG,250,191.19,Buy
01/13/2025,15:33:11,META,250,601.25,Buy
01/13/2025,15:34:11,AMZN,250,217.83,Buy
01/13/2025,15:35:11,MSFT,250,414.50,Sell
01/13/2025,15:35:11,AMZN,250,217.86,Buy
01/13/2025,15:35:11,AAPL,250,230.68,Buy
01/13/2025,15:36:11,MSFT,250,414.90,Sell
01/13/2025,15:36:11,AAPL,250,230.97,Buy
01/13/2025,15:37:11,MSFT,250,415.35,Sell
01/13/2025,15:38:11,GOOG,250,191.20,Sell
01/13/2025,15:39:11,GOOG,250,191.37,Buy
01/13/2025,15:41:11,AMZN,250,218.59,Sell
01/13/2025,15:44:11,GOOG,250,191.29,Sell
01/13/2025,15:45:11,GOOG,250,191.37,Buy
01/13/2025,15:47:11,GOOG,250,191.46,Sell
01/13/2025,15:48:10,META,250,604.31,Sell
01/13/2025,15:49:11,AMZN,250,219.14,Sell
01/13/2025,15:50:10,MSFT,250,415.85,Buy
01/13/2025,15:50:11,GOOG,250,191.48,Buy
01/13/2025,15:50:11,AMZN,250,219.08,Sell
01/13/2025,15:50:11,AAPL,250,231.55,Sell
01/13/2025,15:51:10,MSFT,250,415.71,Buy
01/13/2025,15:51:11,AAPL,250,231.45,Sell
01/13/2025,15:52:11,MSFT,250,415.24,Buy
01/13/2025,15:54:11,GOOG,250,191.23,Sell
01/13/2025,15:57:11,META,250,603.11,Buy
01/13/2025,15:58:11,META,250,602.30,Buy
01/13/2025,15:58:11,GOOG,250,191.14,Buy
01/13/2025,15:59:11,META,250,602.02,Buy
01/13/2025,16:00:11,GOOG,250,191.04,Sell
01/13/2025,16:03:11,GOOG,250,191.40,Buy
01/13/2025,16:05:11,GOOG,250,191.32,Sell
01/13/2025,16:06:11,GOOG,250,190.90,Buy
01/13/2025,16:12:11,META,250,603.49,Sell
01/13/2025,16:13:11,META,250,603.21,Sell
01/13/2025,16:13:11,GOOG,250,190.61,Sell
01/13/2025,16:14:11,META,250,603.26,Sell
01/13/2025,16:15:11,GOOG,250,190.57,Buy
01/13/2025,16:17:11,AMZN,250,217.39,Buy
01/13/2025,16:18:11,AMZN,250,217.28,Buy
01/13/2025,16:18:11,GOOG,250,190.59,Sell
01/13/2025,16:19:11,GOOG,250,190.58,Buy
01/13/2025,16:21:11,GOOG,250,190.50,Sell
01/13/2025,16:23:11,GOOG,250,190.72,Buy
01/13/2025,16:30:11,GOOG,250,190.09,Sell
01/13/2025,16:32:10,AMZN,250,217.28,Sell
01/13/2025,16:32:11,GOOG,250,190.21,Buy
01/13/2025,16:33:11,AMZN,250,217.31,Sell
01/13/2025,16:34:11,GOOG,250,190.38,Sell
01/13/2025,16:35:11,GOOG,250,190.50,Buy
01/13/2025,16:38:11,GOOG,250,190.42,Sell
01/13/2025,16:40:11,GOOG,250,190.47,Buy
01/13/2025,16:47:11,AMZN,250,217.65,Buy
01/13/2025,16:47:11,GOOG,250,190.82,Sell
01/13/2025,16:50:11,GOOG,250,190.77,Sell
01/13/2025,16:51:11,GOOG,250,190.51,Buy
01/13/2025,16:51:11,META,250,603.66,Buy
01/13/2025,16:52:11,AMZN,250,217.37,Buy
01/13/2025,16:53:11,AMZN,250,217.41,Buy
01/13/2025,16:54:11,META,250,602.65,Buy
01/13/2025,16:54:11,GOOG,250,190.39,Buy
01/13/2025,16:55:11,GOOG,250,190.35,Sell
01/13/2025,16:58:11,GOOG,250,190.06,Buy
01/13/2025,17:02:11,META,250,599.05,Buy
01/13/2025,17:02:11,AMZN,250,216.76,Sell
01/13/2025,17:06:11,META,250,601.12,Sell
01/13/2025,17:06:11,GOOG,250,190.38,Sell
01/13/2025,17:07:10,GOOG,250,190.27,Buy
01/13/2025,17:07:11,AMZN,250,216.65,Sell
01/13/2025,17:08:11,AMZN,250,217.17,Sell
01/13/2025,17:09:11,META,250,601.57,Sell
01/13/2025,17:09:11,GOOG,250,190.39,Sell
01/13/2025,17:10:11,GOOG,250,190.44,Buy
01/13/2025,17:13:11,GOOG,250,190.65,Sell
01/13/2025,17:14:11,GOOG,250,190.58,Buy
01/13/2025,17:17:11,META,250,602.40,Sell
01/13/2025,17:18:11,AMZN,250,217.41,Buy
01/13/2025,17:21:11,AMZN,250,217.66,Buy
01/13/2025,17:22:11,GOOG,250,190.69,Sell
01/13/2025,17:23:10,AMZN,250,217.73,Buy
01/13/2025,17:25:11,GOOG,250,190.90,Sell
01/13/2025,17:26:11,GOOG,250,190.88,Buy
01/13/2025,17:29:11,GOOG,250,190.79,Sell
01/13/2025,17:30:11,GOOG,250,190.62,Buy
01/13/2025,17:31:11,GOOG,250,190.60,Buy
01/13/2025,17:33:11,AMZN,250,218.03,Sell
01/13/2025,17:36:11,AMZN,250,218.04,Sell
01/13/2025,17:36:11,MSFT,250,414.50,Sell
01/13/2025,17:38:11,AMZN,250,217.87,Sell
01/13/2025,17:38:11,MSFT,250,414.30,Sell
01/13/2025,17:40:11,AMZN,250,217.62,Buy
01/13/2025,17:41:11,GOOG,250,190.77,Sell
01/13/2025,17:44:11,GOOG,250,190.69,Buy
01/13/2025,17:44:11,AMZN,250,217.55,Buy
01/13/2025,17:45:11,GOOG,250,190.67,Sell
01/13/2025,17:46:11,GOOG,250,190.76,Buy
01/13/2025,17:46:11,GOOG,250,190.79,Sell
01/13/2025,17:48:11,AMZN,250,217.80,Buy
01/13/2025,17:49:11,GOOG,250,190.69,Buy
01/13/2025,17:51:05,MSFT,250,414.41,Buy
01/13/2025,17:53:11,MSFT,250,414.73,Buy
01/13/2025,17:55:11,AMZN,250,217.86,Sell
01/13/2025,17:59:11,GOOG,250,191.21,Sell
01/13/2025,17:59:11,AMZN,250,218.37,Sell
01/13/2025,18:01:11,GOOG,250,191.26,Buy
01/13/2025,18:01:11,GOOG,250,191.29,Sell
01/13/2025,18:01:11,AMZN,250,218.45,Buy
01/13/2025,18:03:11,AMZN,250,218.69,Sell
01/13/2025,18:04:11,GOOG,250,191.44,Sell
01/13/2025,18:14:11,GOOG,250,191.26,Buy
01/13/2025,18:15:11,GOOG,250,191.31,Buy
01/13/2025,18:16:11,GOOG,250,191.34,Sell
01/13/2025,18:16:11,AMZN,250,218.81,Sell
01/13/2025,18:17:11,GOOG,250,191.26,Buy
01/13/2025,18:20:08,META,250,605.54,Buy
01/13/2025,18:22:11,META,250,605.58,Buy
01/13/2025,18:23:11,META,250,605.54,Buy
01/13/2025,18:28:11,AMZN,250,218.66,Buy
01/13/2025,18:29:11,AMZN,250,218.76,Buy
01/13/2025,18:29:11,GOOG,250,191.23,Sell
01/13/2025,18:30:11,AMZN,250,219.02,Buy
01/13/2025,18:30:11,GOOG,250,191.43,Sell
01/13/2025,18:32:11,GOOG,250,191.28,Buy
01/13/2025,18:32:11,GOOG,250,191.32,Sell
01/13/2025,18:34:11,GOOG,250,191.46,Buy
01/13/2025,18:35:09,META,250,607.23,Sell
01/13/2025,18:37:11,META,250,607.12,Sell
01/13/2025,18:37:11,GOOG,250,191.43,Buy
01/13/2025,18:38:07,META,250,606.42,Sell
01/13/2025,18:43:11,AMZN,250,218.56,Sell
01/13/2025,18:44:11,AMZN,250,218.51,Buy
01/13/2025,18:44:11,AMZN,250,218.54,Sell
01/13/2025,18:45:11,AMZN,250,218.62,Buy
01/13/2025,18:45:11,AMZN,250,218.64,Sell
01/13/2025,18:46:11,AMZN,250,218.76,Buy
01/13/2025,18:47:11,GOOG,250,191.47,Sell
01/13/2025,18:48:11,GOOG,250,191.50,Buy
01/13/2025,18:49:11,GOOG,250,191.65,Sell
01/13/2025,18:52:11,GOOG,250,191.66,Sell
01/13/2025,18:53:11,GOOG,250,191.63,Buy
01/13/2025,18:55:11,GOOG,250,191.56,Buy
01/13/2025,18:57:11,META,250,606.52,Buy
01/13/2025,18:58:11,META,250,606.53,Buy
01/13/2025,18:59:11,AMZN,250,218.65,Sell
01/13/2025,19:00:08,META,250,606.80,Buy
01/13/2025,19:00:11,AMZN,250,218.69,Sell
01/13/2025,19:01:11,AMZN,250,218.67,Sell
01/13/2025,19:02:11,MSFT,250,415.18,Sell
01/13/2025,19:03:11,MSFT,250,414.82,Sell
01/13/2025,19:03:11,GOOG,250,191.59,Sell
01/13/2025,19:04:11,AMZN,250,218.48,Buy
01/13/2025,19:05:11,GOOG,250,191.65,Buy
01/13/2025,19:05:11,AMZN,250,218.49,Buy
01/13/2025,19:08:11,GOOG,250,191.60,Sell
01/13/2025,19:09:11,GOOG,250,191.61,Buy
01/13/2025,19:10:11,GOOG,250,191.65,Sell
01/13/2025,19:12:09,META,250,606.60,Sell
01/13/2025,19:12:11,AMZN,250,218.27,Buy
01/13/2025,19:13:11,META,250,606.57,Sell
01/13/2025,19:14:11,GOOG,250,191.79,Buy
01/13/2025,19:15:11,META,250,605.51,Sell
01/13/2025,19:17:11,MSFT,250,414.85,Buy
01/13/2025,19:18:10,MSFT,250,414.79,Buy
01/13/2025,19:19:11,AMZN,250,217.93,Sell
01/13/2025,19:20:11,AMZN,250,217.81,Sell
01/13/2025,19:20:11,GOOG,250,191.70,Sell
01/13/2025,19:21:11,GOOG,250,191.60,Buy
01/13/2025,19:23:10,AMZN,250,217.85,Buy
01/13/2025,19:24:11,GOOG,250,191.78,Sell
01/13/2025,19:26:11,GOOG,250,191.80,Buy
01/13/2025,19:27:11,AMZN,250,218.09,Sell
01/13/2025,19:28:11,MSFT,250,415.77,Sell
01/13/2025,19:29:07,MSFT,250,415.96,Sell
01/13/2025,19:29:11,GOOG,250,192.04,Sell
01/13/2025,19:31:10,MSFT,250,416.11,Sell
01/13/2025,19:35:11,AMZN,250,218.27,Buy
01/13/2025,19:36:11,GOOG,250,192.02,Sell
01/13/2025,19:38:11,GOOG,250,191.97,Buy
01/13/2025,19:38:11,AMZN,250,218.27,Sell
01/13/2025,19:40:11,GOOG,250,192.11,Buy
01/13/2025,19:41:11,GOOG,250,192.13,Sell
01/13/2025,19:43:11,MSFT,250,416.86,Buy
01/13/2025,19:44:11,MSFT,250,416.82,Buy
01/13/2025,19:45:10,MSFT,250,416.80,Sell
01/13/2025,19:46:10,MSFT,250,416.92,Sell
01/13/2025,19:46:10,MSFT,250,416.86,Buy
01/13/2025,19:48:11,GOOG,250,191.82,Buy
01/13/2025,19:50:11,AMZN,250,218.39,Buy
01/13/2025,19:50:11,AMZN,250,218.42,Sell
01/13/2025,19:51:11,AMZN,250,218.52,Buy
01/13/2025,19:52:11,AMZN,250,218.35,Buy
01/13/2025,19:53:11,GOOG,250,191.76,Sell
01/13/2025,19:55:11,GOOG,250,191.74,Sell
01/13/2025,19:56:11,GOOG,250,191.85,Buy
01/13/2025,19:57:11,GOOG,250,191.96,Buy
01/13/2025,19:58:11,MSFT,250,416.82,Sell
01/13/2025,20:00:11,MSFT,250,416.79,Buy
01/13/2025,20:01:11,MSFT,250,416.65,Sell
01/13/2025,20:01:11,MSFT,250,416.53,Buy
01/13/2025,20:03:10,MSFT,250,416.80,Sell
01/13/2025,20:03:11,GOOG,250,192.02,Sell
01/13/2025,20:04:11,GOOG,250,191.99,Buy
01/13/2025,20:05:11,AMZN,250,218.62,Sell
01/13/2025,20:06:11,AMZN,250,218.66,Buy
01/13/2025,20:06:11,AMZN,250,218.68,Sell
01/13/2025,20:07:11,AMZN,250,218.62,Buy
01/13/2025,20:07:11,AMZN,250,218.64,Sell
01/13/2025,20:08:11,AMZN,250,218.69,Buy
01/13/2025,20:11:11,GOOG,250,191.76,Sell
01/13/2025,20:12:11,GOOG,250,191.78,Sell
01/13/2025,20:13:11,MSFT,250,416.50,Buy
01/13/2025,20:13:11,GOOG,250,191.76,Buy
01/13/2025,20:15:11,MSFT,250,416.60,Sell
01/13/2025,20:15:11,GOOG,250,191.83,Buy
01/13/2025,20:16:11,MSFT,250,416.40,Buy
01/13/2025,20:18:11,MSFT,250,416.80,Buy
01/13/2025,20:19:11,GOOG,250,192.04,Sell
01/13/2025,20:21:11,AMZN,250,218.90,Sell
01/13/2025,20:22:10,MSFT,250,416.53,Sell
01/13/2025,20:22:11,AMZN,250,218.85,Buy
01/13/2025,20:22:11,AMZN,250,218.87,Sell
01/13/2025,20:23:11,MSFT,250,416.36,Sell
01/13/2025,20:23:11,AMZN,250,218.76,Buy
