Date,Time,Symbol,Quantity,Price,Side
12/07/2022,20:49:11,MSFT,250,244.67,Sell
12/07/2022,20:49:11,AAPL,250,140.58,Buy
12/07/2022,20:49:11,TSLA,250,173.35,Sell
12/07/2022,20:49:11,AMZN,250,88.32,Sell
12/07/2022,20:50:11,META,250,113.66,Buy
12/07/2022,20:50:11,AMZN,250,88.37,Buy
12/07/2022,20:50:11,GOOG,250,95.23,Sell
12/07/2022,20:50:11,TSLA,250,173.46,Buy
12/07/2022,20:51:11,AAPL,250,140.87,Sell
12/07/2022,20:51:11,GOOG,250,95.23,Buy
12/07/2022,20:51:11,META,250,113.67,Buy
12/07/2022,20:52:10,AAPL,250,140.82,Buy
12/07/2022,20:52:11,MSFT,250,244.64,Buy
12/07/2022,20:53:11,TSLA,250,173.80,Sell
12/07/2022,20:53:11,GOOG,250,95.30,Sell
12/07/2022,20:53:11,AMZN,250,88.39,Sell
12/07/2022,20:54:11,AMZN,250,88.40,Buy
12/07/2022,20:55:11,GOOG,250,95.21,Buy
12/07/2022,20:56:11,TSLA,250,174.09,Sell
12/07/2022,20:58:11,MSFT,250,244.40,Sell
12/07/2022,20:58:11,AMD,250,70.16,Sell
12/07/2022,21:00:03,MSFT,250,244.45,Sell
12/07/2022,21:00:04,AMZN,250,88.47,Sell
12/07/2022,21:00:10,AMD,250,70.01,Sell
12/07/2022,21:00:11,GOOG,250,95.24,Sell
12/07/2022,21:01:06,META,250,114.00,Sell
12/07/2022,21:01:11,AMD,250,70.07,Sell
12/07/2022,21:02:01,AAPL,250,141.05,Sell
12/07/2022,21:04:11,AAPL,250,141.00,Sell
12/07/2022,21:05:00,AMZN,250,88.41,Sell
12/07/2022,21:05:00,TSLA,250,173.80,Sell
12/07/2022,21:05:05,META,250,113.94,Sell
12/07/2022,21:05:20,GOOG,250,95.14,Sell
12/07/2022,21:05:34,META,250,113.94,Sell
12/07/2022,21:05:56,MSFT,250,244.31,Sell
12/07/2022,21:06:51,AAPL,250,141.00,Sell
12/07/2022,21:09:09,AMZN,250,88.45,Sell
12/07/2022,21:09:42,GOOG,250,95.13,Sell
12/08/2022,14:30:11,TSLA,250,172.90,Buy
12/08/2022,14:31:11,TSLA,250,172.92,Buy
12/08/2022,14:31:11,META,250,116.95,Buy
12/08/2022,14:31:11,MSFT,250,244.57,Buy
12/08/2022,14:31:11,GOOG,250,95.52,Buy
12/08/2022,14:32:11,AMD,250,70.25,Buy
12/08/2022,14:32:11,GOOG,250,95.53,Buy
12/08/2022,14:32:11,TSLA,250,172.43,Buy
12/08/2022,14:32:11,MSFT,250,244.51,Buy
12/08/2022,14:32:11,AAPL,250,142.26,Buy
12/08/2022,14:32:11,META,250,116.79,Buy
12/08/2022,14:33:11,META,250,115.90,Buy
12/08/2022,14:34:11,MSFT,250,244.11,Buy
12/08/2022,14:35:11,AMD,250,69.80,Buy
12/08/2022,14:36:11,AMD,250,69.85,Buy
12/08/2022,14:36:11,AAPL,250,142.05,Buy
12/08/2022,14:38:11,GOOG,250,94.27,Buy
12/08/2022,14:38:11,AMZN,250,87.94,Buy
12/08/2022,14:39:11,AAPL,250,141.69,Buy
12/08/2022,14:40:11,AMZN,250,88.11,Buy
12/08/2022,14:42:11,AMZN,250,88.22,Buy
12/08/2022,14:45:11,TSLA,250,169.55,Sell
12/08/2022,14:46:11,TSLA,250,169.81,Sell
12/08/2022,14:46:11,GOOG,250,94.32,Sell
12/08/2022,14:46:11,META,250,114.85,Sell
12/08/2022,14:46:11,MSFT,250,243.39,Sell
12/08/2022,14:47:11,MSFT,250,243.82,Buy
12/08/2022,14:47:11,MSFT,250,243.86,Sell
12/08/2022,14:47:11,AMD,250,69.39,Sell
12/08/2022,14:47:11,GOOG,250,94.62,Sell
12/08/2022,14:47:11,META,250,115.04,Sell
12/08/2022,14:47:11,AAPL,250,141.50,Sell
12/08/2022,14:47:11,TSLA,250,169.67,Buy
12/08/2022,14:47:11,TSLA,250,169.73,Sell
12/08/2022,14:48:10,GOOG,250,94.52,Buy
12/08/2022,14:48:11,META,250,115.12,Sell
12/08/2022,14:48:11,AMD,250,69.25,Buy
12/08/2022,14:48:11,AAPL,250,141.37,Buy
12/08/2022,14:49:11,META,250,115.15,Buy
12/08/2022,14:49:11,MSFT,250,243.54,Sell
12/08/2022,14:49:11,TSLA,250,170.30,Buy
12/08/2022,14:50:11,AMD,250,69.22,Sell
12/08/2022,14:50:11,GOOG,250,94.62,Buy
12/08/2022,14:50:11,MSFT,250,243.92,Buy
12/08/2022,14:51:11,AMD,250,69.48,Sell
12/08/2022,14:51:11,AAPL,250,141.72,Sell
12/08/2022,14:52:11,AAPL,250,141.68,Buy
12/08/2022,14:53:11,AMZN,250,89.31,Sell
12/08/2022,14:53:11,GOOG,250,94.75,Sell
12/08/2022,14:53:11,AMD,250,69.64,Buy
12/08/2022,14:54:11,AMZN,250,89.44,Buy
12/08/2022,14:54:11,META,250,116.09,Buy
12/08/2022,14:54:11,AAPL,250,142.06,Sell
12/08/2022,14:55:11,META,250,115.89,Buy
12/08/2022,14:55:11,MSFT,250,244.70,Buy
12/08/2022,14:55:11,AAPL,250,141.90,Buy
12/08/2022,14:55:11,AMZN,250,89.43,Sell
12/08/2022,14:56:11,AMD,250,69.65,Buy
12/08/2022,14:56:11,TSLA,250,171.86,Buy
12/08/2022,14:57:11,AMZN,250,89.71,Sell
12/08/2022,14:57:11,GOOG,250,94.91,Buy
12/08/2022,15:02:11,MSFT,250,246.02,Sell
12/08/2022,15:02:11,TSLA,250,172.51,Sell
12/08/2022,15:03:10,AMD,250,70.17,Sell
12/08/2022,15:03:11,AAPL,250,142.22,Sell
12/08/2022,15:03:11,AMZN,250,90.17,Buy
12/08/2022,15:03:11,GOOG,250,95.07,Sell
12/08/2022,15:04:10,META,250,116.33,Sell
12/08/2022,15:04:11,GOOG,250,95.14,Buy
12/08/2022,15:04:11,TSLA,250,172.90,Sell
12/08/2022,15:05:11,GOOG,250,95.18,Sell
12/08/2022,15:05:11,MSFT,250,246.46,Sell
12/08/2022,15:05:11,AMZN,250,90.37,Buy
12/08/2022,15:07:11,META,250,116.50,Buy
12/08/2022,15:07:11,AMD,250,70.44,Buy
12/08/2022,15:07:11,TSLA,250,173.64,Buy
12/08/2022,15:07:11,AAPL,250,142.81,Buy
12/08/2022,15:07:11,AAPL,250,142.83,Sell
12/08/2022,15:08:11,MSFT,250,247.01,Buy
12/08/2022,15:08:11,TSLA,250,174.09,Buy
12/08/2022,15:08:11,AMD,250,70.53,Sell
12/08/2022,15:09:11,GOOG,250,95.05,Buy
12/08/2022,15:09:11,META,250,116.54,Sell
12/08/2022,15:09:11,AMZN,250,90.48,Sell
12/08/2022,15:10:11,MSFT,250,246.89,Sell
12/08/2022,15:10:11,AAPL,250,142.85,Sell
12/08/2022,15:10:11,META,250,116.26,Sell
12/08/2022,15:11:11,TSLA,250,174.39,Sell
12/08/2022,15:11:11,META,250,116.32,Buy
12/08/2022,15:11:11,AMD,250,70.49,Buy
12/08/2022,15:11:11,AMD,250,70.50,Sell
12/08/2022,15:11:11,MSFT,250,246.90,Buy
12/08/2022,15:11:11,AAPL,250,142.85,Buy
12/08/2022,15:12:11,GOOG,250,94.85,Sell
12/08/2022,15:12:11,AMD,250,70.52,Buy
12/08/2022,15:13:11,AAPL,250,142.95,Buy
12/08/2022,15:13:11,AMZN,250,90.47,Buy
12/08/2022,15:13:11,MSFT,250,246.78,Buy
12/08/2022,15:14:11,META,250,116.29,Buy
12/08/2022,15:14:11,GOOG,250,94.66,Buy
12/08/2022,15:18:11,AMZN,250,90.11,Sell
12/08/2022,15:19:11,GOOG,250,94.24,Sell
12/08/2022,15:20:11,AMZN,250,90.08,Buy
12/08/2022,15:20:11,AMZN,250,90.09,Sell
12/08/2022,15:20:11,GOOG,250,94.16,Buy
12/08/2022,15:21:11,TSLA,250,173.61,Buy
12/08/2022,15:22:11,TSLA,250,173.82,Sell
12/08/2022,15:22:11,AMZN,250,90.22,Buy
12/08/2022,15:22:11,META,250,115.84,Sell
12/08/2022,15:22:11,AAPL,250,142.75,Sell
12/08/2022,15:22:11,AMD,250,70.31,Sell
12/08/2022,15:23:11,MSFT,250,245.88,Sell
12/08/2022,15:23:11,TSLA,250,173.60,Sell
12/08/2022,15:24:11,AAPL,250,142.88,Buy
12/08/2022,15:24:11,GOOG,250,94.41,Sell
12/08/2022,15:24:11,TSLA,250,173.66,Buy
12/08/2022,15:25:11,GOOG,250,94.45,Buy
12/08/2022,15:26:11,MSFT,250,246.37,Sell
12/08/2022,15:26:11,AAPL,250,143.13,Sell
12/08/2022,15:26:11,META,250,115.78,Sell
12/08/2022,15:26:11,AMD,250,70.92,Sell
12/08/2022,15:27:11,AMD,250,70.97,Sell
12/08/2022,15:28:11,AAPL,250,143.21,Sell
12/08/2022,15:28:11,META,250,115.81,Buy
12/08/2022,15:28:11,MSFT,250,246.73,Buy
12/08/2022,15:28:11,MSFT,250,246.76,Sell
12/08/2022,15:28:11,AMZN,250,90.50,Sell
12/08/2022,15:28:11,TSLA,250,174.76,Buy
12/08/2022,15:29:11,META,250,115.75,Sell
12/08/2022,15:29:11,AAPL,250,143.07,Buy
12/08/2022,15:29:11,MSFT,250,246.42,Buy
12/08/2022,15:29:11,GOOG,250,94.50,Sell
12/08/2022,15:30:11,AMD,250,70.86,Buy
12/08/2022,15:30:11,AMZN,250,90.44,Buy
12/08/2022,15:30:11,AAPL,250,143.21,Buy
12/08/2022,15:30:11,MSFT,250,246.60,Buy
12/08/2022,15:33:11,META,250,115.46,Buy
12/08/2022,15:35:11,GOOG,250,94.52,Sell
12/08/2022,15:35:11,AMZN,250,90.71,Sell
12/08/2022,15:36:11,AMD,250,70.96,Buy
12/08/2022,15:36:11,GOOG,250,94.54,Buy
12/08/2022,15:36:11,TSLA,250,174.55,Sell
12/08/2022,15:37:11,AMD,250,70.99,Buy
12/08/2022,15:37:11,TSLA,250,174.83,Buy
12/08/2022,15:37:11,AMZN,250,90.61,Sell
12/08/2022,15:38:11,GOOG,250,94.43,Buy
12/08/2022,15:38:11,AMZN,250,90.60,Buy
12/08/2022,15:38:11,META,250,115.62,Buy
12/08/2022,15:39:11,TSLA,250,174.78,Sell
12/08/2022,15:39:11,AAPL,250,143.13,Sell
12/08/2022,15:40:11,GOOG,250,94.45,Sell
12/08/2022,15:40:11,AMZN,250,90.56,Buy
12/08/2022,15:42:11,GOOG,250,94.43,Buy
12/08/2022,15:43:11,META,250,114.90,Sell
12/08/2022,15:43:11,TSLA,250,174.13,Buy
12/08/2022,15:43:11,TSLA,250,174.16,Sell
12/08/2022,15:43:11,MSFT,250,245.84,Sell
12/08/2022,15:44:11,MSFT,250,245.89,Sell
12/08/2022,15:44:11,AAPL,250,142.87,Buy
12/08/2022,15:44:11,AAPL,250,142.89,Sell
12/08/2022,15:45:11,META,250,114.90,Buy
12/08/2022,15:45:11,AMD,250,70.71,Sell
12/08/2022,15:45:11,AMZN,250,90.56,Sell
12/08/2022,15:45:11,MSFT,250,245.95,Sell
12/08/2022,15:45:11,AAPL,250,142.88,Buy
12/08/2022,15:45:11,AAPL,250,142.90,Sell
12/08/2022,15:46:11,AMD,250,70.62,Buy
12/08/2022,15:48:11,META,250,114.90,Sell
12/08/2022,15:48:11,AMZN,250,90.47,Buy
12/08/2022,15:48:11,AAPL,250,142.84,Buy
12/08/2022,15:48:11,TSLA,250,173.92,Buy
12/08/2022,15:49:11,META,250,114.90,Buy
12/08/2022,15:50:11,MSFT,250,246.37,Buy
12/08/2022,15:51:11,GOOG,250,94.23,Sell
12/08/2022,15:51:11,MSFT,250,246.11,Buy
12/08/2022,15:51:11,AMD,250,70.58,Sell
12/08/2022,15:52:11,AMD,250,70.73,Buy
12/08/2022,15:52:11,AMD,250,70.74,Sell
12/08/2022,15:52:11,TSLA,250,173.63,Sell
12/08/2022,15:53:11,META,250,115.25,Sell
12/08/2022,15:53:11,TSLA,250,173.34,Buy
12/08/2022,15:53:11,GOOG,250,94.31,Buy
12/08/2022,15:53:11,GOOG,250,94.32,Sell
12/08/2022,15:53:11,AMZN,250,90.50,Sell
12/08/2022,15:55:11,AMZN,250,90.49,Buy
12/08/2022,15:55:11,AMZN,250,90.50,Sell
12/08/2022,15:55:11,AMD,250,70.58,Buy
12/08/2022,15:55:11,MSFT,250,246.69,Buy
12/08/2022,15:55:11,GOOG,250,94.32,Buy
12/08/2022,15:57:11,GOOG,250,94.43,Sell
12/08/2022,15:58:11,GOOG,250,94.33,Buy
12/08/2022,15:58:11,TSLA,250,172.44,Sell
12/08/2022,15:59:11,META,250,115.67,Buy
12/08/2022,15:59:11,AAPL,250,142.98,Sell
12/08/2022,16:00:11,AAPL,250,143.02,Buy
12/08/2022,16:00:11,AAPL,250,143.03,Sell
12/08/2022,16:00:11,AMZN,250,90.16,Buy
12/08/2022,16:00:11,META,250,115.72,Sell
12/08/2022,16:01:11,META,250,115.88,Buy
12/08/2022,16:01:11,TSLA,250,172.28,Buy
12/08/2022,16:01:11,AMD,250,70.67,Sell
12/08/2022,16:02:11,AAPL,250,143.10,Buy
12/08/2022,16:03:11,AMZN,250,90.10,Sell
12/08/2022,16:03:11,TSLA,250,171.78,Sell
12/08/2022,16:03:11,AAPL,250,143.03,Sell
12/08/2022,16:04:11,META,250,115.69,Sell
12/08/2022,16:04:11,AAPL,250,143.06,Buy
12/08/2022,16:04:11,AMD,250,70.50,Buy
12/08/2022,16:05:11,META,250,115.67,Buy
12/08/2022,16:05:11,MSFT,250,246.64,Sell
12/08/2022,16:06:11,TSLA,250,171.41,Buy
12/08/2022,16:06:11,MSFT,250,246.85,Buy
12/08/2022,16:06:11,MSFT,250,246.87,Sell
12/08/2022,16:06:11,AMZN,250,89.97,Buy
12/08/2022,16:07:11,AMD,250,70.39,Sell
12/08/2022,16:07:11,MSFT,250,246.53,Buy
12/08/2022,16:08:11,GOOG,250,94.01,Sell
12/08/2022,16:08:11,TSLA,250,170.89,Sell
12/08/2022,16:09:11,AMD,250,70.31,Buy
12/08/2022,16:09:11,GOOG,250,93.92,Buy
12/08/2022,16:10:11,GOOG,250,93.86,Sell
12/08/2022,16:10:11,MSFT,250,246.36,Sell
12/08/2022,16:10:11,AMD,250,70.29,Sell
12/08/2022,16:10:11,AMZN,250,89.75,Sell
12/08/2022,16:11:11,GOOG,250,94.04,Buy
12/08/2022,16:11:11,MSFT,250,246.89,Buy
12/08/2022,16:11:11,TSLA,250,171.25,Buy
12/08/2022,16:12:11,AMD,250,70.38,Buy
12/08/2022,16:12:11,AMZN,250,89.78,Buy
12/08/2022,16:13:11,GOOG,250,93.93,Sell
12/08/2022,16:14:11,GOOG,250,94.06,Buy
12/08/2022,16:14:11,META,250,115.27,Sell
12/08/2022,16:15:11,AMZN,250,89.85,Sell
12/08/2022,16:15:11,AAPL,250,142.65,Sell
12/08/2022,16:16:11,META,250,115.43,Sell
12/08/2022,16:16:11,TSLA,250,171.18,Sell
12/08/2022,16:17:11,AAPL,250,142.51,Buy
12/08/2022,16:17:11,AAPL,250,142.53,Sell
12/08/2022,16:18:11,TSLA,250,170.92,Buy
12/08/2022,16:18:11,AAPL,250,142.56,Buy
12/08/2022,16:18:11,META,250,115.32,Buy
12/08/2022,16:19:11,AAPL,250,142.28,Sell
12/08/2022,16:19:11,AMD,250,70.20,Sell
12/08/2022,16:20:11,AMZN,250,89.47,Buy
12/08/2022,16:20:11,AAPL,250,142.29,Buy
12/08/2022,16:20:11,META,250,115.10,Sell
12/08/2022,16:21:11,AMZN,250,89.54,Sell
12/08/2022,16:21:11,TSLA,250,170.86,Sell
12/08/2022,16:21:11,MSFT,250,246.30,Sell
12/08/2022,16:22:11,META,250,115.04,Buy
12/08/2022,16:22:11,MSFT,250,246.09,Sell
12/08/2022,16:24:11,AMZN,250,89.57,Buy
12/08/2022,16:24:11,MSFT,250,246.28,Buy
12/08/2022,16:24:11,AMD,250,70.17,Sell
12/08/2022,16:24:11,GOOG,250,94.05,Sell
12/08/2022,16:25:11,META,250,115.06,Buy
12/08/2022,16:25:11,MSFT,250,246.20,Buy
12/08/2022,16:25:11,AMD,250,70.06,Buy
12/08/2022,16:25:11,TSLA,250,170.47,Buy
12/08/2022,16:26:11,AMD,250,70.19,Buy
12/08/2022,16:26:11,MSFT,250,246.45,Sell
12/08/2022,16:26:11,GOOG,250,94.07,Sell
12/08/2022,16:26:11,TSLA,250,170.77,Sell
12/08/2022,16:27:11,AMZN,250,89.50,Sell
12/08/2022,16:27:11,AMD,250,70.30,Sell
12/08/2022,16:28:11,TSLA,250,170.88,Buy
12/08/2022,16:29:11,GOOG,250,94.23,Sell
12/08/2022,16:32:11,AMZN,250,89.57,Buy
12/08/2022,16:32:11,AMD,250,70.55,Buy
12/08/2022,16:32:11,AAPL,250,142.69,Sell
12/08/2022,16:33:11,GOOG,250,94.29,Buy
12/08/2022,16:33:11,MSFT,250,247.01,Buy
12/08/2022,16:33:11,META,250,115.82,Sell
12/08/2022,16:33:11,AAPL,250,142.73,Sell
12/08/2022,16:33:11,TSLA,250,169.57,Sell
12/08/2022,16:34:11,TSLA,250,169.91,Buy
12/08/2022,16:35:11,META,250,115.85,Buy
12/08/2022,16:35:11,AMZN,250,89.65,Sell
12/08/2022,16:35:11,AAPL,250,142.70,Sell
12/08/2022,16:37:11,META,250,115.86,Sell
12/08/2022,16:37:11,GOOG,250,94.23,Buy
12/08/2022,16:37:11,AMZN,250,89.51,Buy
12/08/2022,16:39:11,MSFT,250,247.43,Sell
12/08/2022,16:39:11,AMZN,250,89.84,Sell
12/08/2022,16:40:11,META,250,115.99,Buy
12/08/2022,16:40:11,META,250,116.02,Sell
12/08/2022,16:40:11,AMD,250,70.53,Sell
12/08/2022,16:40:11,AMZN,250,89.74,Buy
12/08/2022,16:40:11,MSFT,250,247.46,Sell
12/08/2022,16:40:11,TSLA,250,170.47,Sell
12/08/2022,16:40:11,AAPL,250,142.93,Buy
12/08/2022,16:41:11,GOOG,250,94.35,Buy
12/08/2022,16:41:11,MSFT,250,247.30,Buy
12/08/2022,16:41:11,AMD,250,70.41,Sell
12/08/2022,16:42:11,MSFT,250,247.21,Buy
12/08/2022,16:43:11,META,250,115.99,Buy
12/08/2022,16:43:11,TSLA,250,170.34,Sell
12/08/2022,16:43:11,AAPL,250,142.83,Buy
12/08/2022,16:45:11,AMD,250,70.48,Buy
12/08/2022,16:45:11,AAPL,250,142.83,Buy
12/08/2022,16:47:11,AMZN,250,89.69,Sell
12/08/2022,16:47:11,TSLA,250,170.54,Buy
12/08/2022,16:47:11,AMD,250,70.50,Sell
12/08/2022,16:48:10,GOOG,250,94.58,Sell
12/08/2022,16:48:11,MSFT,250,247.27,Sell
12/08/2022,16:49:11,AMD,250,70.57,Buy
12/08/2022,16:49:11,TSLA,250,170.97,Sell
12/08/2022,16:50:11,AMZN,250,89.81,Buy
12/08/2022,16:50:11,META,250,116.27,Sell
12/08/2022,16:51:11,MSFT,250,247.56,Buy
12/08/2022,16:52:10,AMZN,250,89.77,Sell
12/08/2022,16:52:11,AMD,250,70.62,Buy
12/08/2022,16:52:11,GOOG,250,94.58,Sell
12/08/2022,16:52:11,TSLA,250,170.90,Buy
12/08/2022,16:53:11,META,250,116.11,Buy
12/08/2022,16:53:11,AMZN,250,89.80,Buy
12/08/2022,16:54:11,GOOG,250,94.61,Buy
12/08/2022,16:55:11,TSLA,250,171.09,Buy
12/08/2022,16:55:11,META,250,116.13,Sell
12/08/2022,16:55:11,AMZN,250,89.84,Sell
12/08/2022,16:55:11,AAPL,250,143.03,Sell
12/08/2022,16:56:11,AMZN,250,89.92,Buy
12/08/2022,16:56:11,MSFT,250,247.56,Sell
12/08/2022,16:56:11,GOOG,250,94.61,Sell
12/08/2022,16:56:11,META,250,116.07,Buy
12/08/2022,16:56:11,AAPL,250,142.97,Buy
12/08/2022,16:57:11,MSFT,250,247.34,Sell
12/08/2022,16:58:11,META,250,116.06,Sell
12/08/2022,16:58:11,AAPL,250,142.80,Sell
12/08/2022,16:58:11,MSFT,250,247.29,Buy
12/08/2022,16:59:11,AAPL,250,142.83,Buy
12/08/2022,16:59:11,MSFT,250,247.33,Buy
12/08/2022,16:59:11,GOOG,250,94.46,Buy
12/08/2022,17:00:10,META,250,115.82,Buy
12/08/2022,17:00:11,AMD,250,70.40,Sell
12/08/2022,17:00:11,AAPL,250,142.73,Sell
12/08/2022,17:01:11,AMD,250,70.42,Buy
12/08/2022,17:01:11,GOOG,250,94.37,Buy
12/08/2022,17:01:11,AAPL,250,142.80,Buy
12/08/2022,17:02:11,TSLA,250,170.85,Sell
12/08/2022,17:03:11,TSLA,250,170.17,Buy
12/08/2022,17:04:11,AMD,250,70.34,Sell
12/08/2022,17:05:11,AMZN,250,89.69,Sell
12/08/2022,17:06:11,AMZN,250,89.62,Buy
12/08/2022,17:06:11,MSFT,250,247.04,Sell
12/08/2022,17:06:11,AMD,250,70.22,Buy
12/08/2022,17:07:11,TSLA,250,170.14,Sell
12/08/2022,17:07:11,AMD,250,70.12,Sell
12/08/2022,17:08:11,AMZN,250,89.70,Sell
12/08/2022,17:08:11,META,250,115.85,Sell
12/08/2022,17:08:11,TSLA,250,170.16,Buy
12/08/2022,17:09:11,GOOG,250,94.47,Sell
12/08/2022,17:10:11,AMD,250,70.26,Buy
12/08/2022,17:10:11,TSLA,250,170.68,Sell
12/08/2022,17:11:11,TSLA,250,170.71,Buy
12/08/2022,17:11:11,META,250,115.96,Sell
12/08/2022,17:11:11,AAPL,250,142.77,Sell
12/08/2022,17:11:11,MSFT,250,247.51,Buy
12/08/2022,17:11:11,AMZN,250,89.90,Sell
12/08/2022,17:12:11,AMZN,250,90.02,Buy
12/08/2022,17:13:11,AMZN,250,89.93,Buy
12/08/2022,17:13:11,MSFT,250,247.11,Sell
12/08/2022,17:14:11,AAPL,250,142.59,Buy
12/08/2022,17:14:11,AAPL,250,142.60,Sell
12/08/2022,17:14:11,META,250,115.83,Buy
12/08/2022,17:14:11,MSFT,250,247.26,Buy
12/08/2022,17:14:11,MSFT,250,247.29,Sell
12/08/2022,17:14:11,GOOG,250,94.36,Buy
12/08/2022,17:14:11,GOOG,250,94.37,Sell
12/08/2022,17:15:11,META,250,115.83,Sell
12/08/2022,17:15:11,GOOG,250,94.36,Buy
12/08/2022,17:16:11,GOOG,250,94.29,Sell
12/08/2022,17:16:11,AAPL,250,142.40,Sell
12/08/2022,17:16:11,AMD,250,70.11,Sell
12/08/2022,17:17:11,GOOG,250,94.39,Buy
12/08/2022,17:17:11,META,250,115.74,Buy
12/08/2022,17:17:11,AAPL,250,142.44,Buy
12/08/2022,17:18:11,AAPL,250,142.46,Buy
12/08/2022,17:18:11,TSLA,250,170.07,Sell
12/08/2022,17:18:11,META,250,115.75,Buy
12/08/2022,17:19:11,MSFT,250,247.21,Buy
12/08/2022,17:20:11,TSLA,250,170.04,Buy
12/08/2022,17:21:11,AMZN,250,89.89,Sell
12/08/2022,17:21:11,AMD,250,70.01,Buy
12/08/2022,17:21:11,AMD,250,70.02,Sell
12/08/2022,17:23:11,AMZN,250,89.97,Buy
12/08/2022,17:23:11,TSLA,250,170.41,Sell
12/08/2022,17:23:11,AMD,250,70.13,Buy
12/08/2022,17:24:11,TSLA,250,170.29,Buy
12/08/2022,17:25:11,AMD,250,69.99,Sell
12/08/2022,17:26:11,MSFT,250,247.11,Sell
12/08/2022,17:26:11,TSLA,250,170.02,Sell
12/08/2022,17:27:11,TSLA,250,169.85,Buy
12/08/2022,17:27:11,AMZN,250,89.70,Sell
12/08/2022,17:28:11,AMZN,250,89.86,Sell
12/08/2022,17:28:11,MSFT,250,246.98,Buy
12/08/2022,17:28:11,AMD,250,69.82,Buy
12/08/2022,17:29:11,GOOG,250,94.24,Sell
12/08/2022,17:29:11,META,250,115.28,Sell
12/08/2022,17:29:11,AAPL,250,142.18,Sell
12/08/2022,17:29:11,MSFT,250,246.99,Sell
12/08/2022,17:30:11,AMZN,250,89.67,Buy
12/08/2022,17:30:11,GOOG,250,94.22,Buy
12/08/2022,17:30:11,GOOG,250,94.23,Sell
12/08/2022,17:31:11,GOOG,250,94.22,Buy
12/08/2022,17:31:11,MSFT,250,246.91,Buy
12/08/2022,17:32:11,AMZN,250,89.59,Buy
12/08/2022,17:32:11,GOOG,250,94.24,Sell
12/08/2022,17:32:11,META,250,115.30,Buy
12/08/2022,17:32:11,META,250,115.32,Sell
12/08/2022,17:32:11,AAPL,250,142.11,Sell
12/08/2022,17:33:10,GOOG,250,94.23,Buy
12/08/2022,17:33:10,AAPL,250,142.13,Buy
12/08/2022,17:33:10,AAPL,250,142.14,Sell
12/08/2022,17:33:11,META,250,115.36,Buy
12/08/2022,17:33:11,META,250,115.38,Sell
12/08/2022,17:34:11,AAPL,250,142.19,Buy
12/08/2022,17:34:11,MSFT,250,247.22,Sell
12/08/2022,17:35:11,AAPL,250,142.14,Buy
12/08/2022,17:35:11,MSFT,250,247.10,Buy
12/08/2022,17:35:11,TSLA,250,170.35,Sell
12/08/2022,17:36:11,META,250,115.24,Buy
12/08/2022,17:36:11,AMD,250,69.93,Sell
12/08/2022,17:36:11,TSLA,250,170.61,Buy
12/08/2022,17:37:11,AMD,250,69.97,Buy
12/08/2022,17:38:11,AMD,250,69.88,Sell
12/08/2022,17:38:11,AMZN,250,89.59,Sell
12/08/2022,17:39:11,TSLA,250,170.06,Sell
12/08/2022,17:39:11,AMZN,250,89.56,Buy
12/08/2022,17:41:11,TSLA,250,170.23,Buy
12/08/2022,17:42:11,TSLA,250,170.42,Sell
12/08/2022,17:42:11,AMD,250,69.94,Buy
12/08/2022,17:43:11,MSFT,250,247.13,Sell
12/08/2022,17:43:11,AMD,250,69.92,Sell
12/08/2022,17:45:11,MSFT,250,247.10,Buy
12/08/2022,17:45:11,GOOG,250,94.65,Sell
12/08/2022,17:45:11,AMZN,250,89.62,Sell
12/08/2022,17:45:11,TSLA,250,170.39,Buy
12/08/2022,17:46:11,GOOG,250,94.65,Sell
12/08/2022,17:46:11,MSFT,250,247.05,Sell
12/08/2022,17:46:11,AMZN,250,89.67,Buy
12/08/2022,17:47:11,AMZN,250,89.75,Sell
12/08/2022,17:47:11,GOOG,250,94.70,Buy
12/08/2022,17:47:11,AMD,250,69.87,Buy
12/08/2022,17:47:11,MSFT,250,247.20,Buy
12/08/2022,17:47:11,META,250,115.05,Sell
12/08/2022,17:48:11,META,250,114.96,Sell
12/08/2022,17:48:11,AMZN,250,89.70,Buy
12/08/2022,17:48:11,GOOG,250,94.62,Buy
12/08/2022,17:48:11,GOOG,250,94.63,Sell
12/08/2022,17:48:11,AAPL,250,142.02,Sell
12/08/2022,17:49:11,META,250,115.10,Buy
12/08/2022,17:49:11,AAPL,250,142.14,Buy
12/08/2022,17:49:11,AAPL,250,142.15,Sell
12/08/2022,17:49:11,GOOG,250,94.72,Buy
12/08/2022,17:50:11,AAPL,250,142.26,Sell
12/08/2022,17:50:11,MSFT,250,247.41,Sell
12/08/2022,17:51:11,TSLA,250,171.35,Sell
12/08/2022,17:51:11,META,250,115.09,Sell
12/08/2022,17:52:11,TSLA,250,171.16,Buy
12/08/2022,17:52:11,AMD,250,69.98,Sell
12/08/2022,17:53:11,MSFT,250,247.57,Buy
12/08/2022,17:54:11,AMZN,250,89.80,Sell
12/08/2022,17:55:11,AAPL,250,142.35,Buy
12/08/2022,17:55:11,AMD,250,69.95,Buy
12/08/2022,17:55:11,META,250,115.19,Buy
12/08/2022,17:56:11,TSLA,250,171.54,Sell
12/08/2022,17:56:11,META,250,115.19,Buy
12/08/2022,17:56:11,AAPL,250,142.35,Buy
12/08/2022,17:57:11,AMD,250,70.04,Sell
12/08/2022,17:58:11,TSLA,250,171.62,Buy
12/08/2022,17:58:11,AMZN,250,89.80,Buy
12/08/2022,18:00:11,MSFT,250,247.59,Sell
12/08/2022,18:00:11,TSLA,250,171.70,Sell
12/08/2022,18:01:11,TSLA,250,171.60,Buy
12/08/2022,18:01:11,AMZN,250,89.70,Sell
12/08/2022,18:02:11,GOOG,250,94.97,Sell
12/08/2022,18:02:11,AMZN,250,89.71,Buy
12/08/2022,18:02:11,MSFT,250,247.62,Sell
12/08/2022,18:02:11,AMD,250,70.12,Sell
12/08/2022,18:03:11,GOOG,250,94.93,Buy
12/08/2022,18:03:11,GOOG,250,94.94,Sell
12/08/2022,18:03:11,AMZN,250,89.70,Sell
12/08/2022,18:04:10,AAPL,250,142.45,Sell
12/08/2022,18:04:11,META,250,115.12,Sell
12/08/2022,18:04:11,AMD,250,70.11,Buy
12/08/2022,18:04:11,GOOG,250,94.95,Buy
12/08/2022,18:04:11,GOOG,250,94.96,Sell
12/08/2022,18:05:10,META,250,115.06,Buy
12/08/2022,18:05:11,AMD,250,70.08,Buy
12/08/2022,18:05:11,AAPL,250,142.39,Buy
12/08/2022,18:05:11,AMZN,250,89.72,Buy
12/08/2022,18:06:11,GOOG,250,94.91,Buy
12/08/2022,18:06:11,MSFT,250,247.54,Buy
12/08/2022,18:07:11,TSLA,250,171.66,Sell
12/08/2022,18:08:11,MSFT,250,247.63,Sell
12/08/2022,18:10:10,META,250,115.05,Sell
12/08/2022,18:10:11,TSLA,250,172.15,Buy
12/08/2022,18:10:11,AMD,250,70.18,Sell
12/08/2022,18:10:11,AAPL,250,142.50,Sell
12/08/2022,18:11:11,META,250,115.01,Sell
12/08/2022,18:11:11,AAPL,250,142.36,Sell
12/08/2022,18:12:11,AAPL,250,142.43,Buy
12/08/2022,18:12:11,AMD,250,70.07,Buy
12/08/2022,18:12:11,MSFT,250,247.54,Buy
12/08/2022,18:13:11,TSLA,250,172.61,Sell
12/08/2022,18:13:11,AMZN,250,89.79,Sell
12/08/2022,18:13:11,MSFT,250,247.51,Buy
12/08/2022,18:14:11,TSLA,250,172.54,Buy
12/08/2022,18:15:11,META,250,115.02,Buy
12/08/2022,18:15:11,AMZN,250,89.74,Buy
12/08/2022,18:15:11,AAPL,250,142.33,Buy
12/08/2022,18:16:11,TSLA,250,172.36,Sell
12/08/2022,18:17:11,TSLA,250,172.43,Buy
12/08/2022,18:17:11,AMZN,250,89.77,Sell
12/08/2022,18:18:11,GOOG,250,94.75,Sell
12/08/2022,18:19:11,AMZN,250,89.80,Buy
12/08/2022,18:19:11,AMD,250,70.03,Sell
12/08/2022,18:19:11,GOOG,250,94.74,Sell
12/08/2022,18:20:11,META,250,115.16,Buy
12/08/2022,18:20:11,META,250,115.19,Sell
12/08/2022,18:20:11,AAPL,250,142.42,Sell
12/08/2022,18:20:11,GOOG,250,94.66,Buy
12/08/2022,18:20:11,AMZN,250,89.80,Sell
12/08/2022,18:20:11,AMD,250,69.90,Sell
12/08/2022,18:21:11,AMZN,250,89.79,Buy
12/08/2022,18:21:11,GOOG,250,94.65,Sell
12/08/2022,18:21:11,MSFT,250,247.46,Sell
12/08/2022,18:21:11,AMD,250,69.87,Buy
12/08/2022,18:22:11,GOOG,250,94.62,Buy
12/08/2022,18:22:11,META,250,115.16,Buy
12/08/2022,18:24:11,MSFT,250,247.52,Buy
12/08/2022,18:25:11,TSLA,250,172.41,Sell
12/08/2022,18:26:11,TSLA,250,172.55,Buy
12/08/2022,18:26:11,GOOG,250,94.71,Buy
12/08/2022,18:26:11,AMD,250,69.78,Buy
12/08/2022,18:27:11,AMD,250,69.84,Sell
12/08/2022,18:27:11,MSFT,250,247.69,Sell
12/08/2022,18:27:11,AAPL,250,142.46,Sell
12/08/2022,18:28:11,MSFT,250,247.97,Sell
12/08/2022,18:29:11,AAPL,250,142.62,Buy
12/08/2022,18:29:11,TSLA,250,172.97,Sell
12/08/2022,18:29:11,MSFT,250,247.86,Buy
12/08/2022,18:29:11,AMD,250,69.97,Buy
12/08/2022,18:30:11,AMZN,250,90.22,Sell
12/08/2022,18:30:11,META,250,115.59,Sell
12/08/2022,18:30:11,AAPL,250,142.87,Sell
12/08/2022,18:30:11,TSLA,250,173.27,Buy
12/08/2022,18:30:11,MSFT,250,248.17,Buy
12/08/2022,18:32:11,AAPL,250,142.94,Buy
12/08/2022,18:32:11,AMZN,250,90.30,Buy
12/08/2022,18:32:11,TSLA,250,173.53,Sell
12/08/2022,18:33:11,META,250,115.57,Buy
12/08/2022,18:33:11,AAPL,250,142.92,Buy
12/08/2022,18:34:11,AMZN,250,90.28,Sell
12/08/2022,18:35:11,AMZN,250,90.33,Buy
12/08/2022,18:35:11,GOOG,250,94.88,Sell
12/08/2022,18:35:11,META,250,115.52,Sell
12/08/2022,18:35:11,TSLA,250,173.28,Buy
12/08/2022,18:36:11,AMD,250,70.07,Sell
12/08/2022,18:36:11,AMZN,250,90.36,Sell
12/08/2022,18:37:11,META,250,115.64,Sell
12/08/2022,18:37:11,GOOG,250,94.84,Sell
12/08/2022,18:37:11,AMD,250,70.04,Buy
12/08/2022,18:37:11,AMZN,250,90.26,Buy
12/08/2022,18:38:11,META,250,115.65,Buy
12/08/2022,18:38:11,GOOG,250,94.84,Buy
12/08/2022,18:39:11,MSFT,250,248.18,Sell
12/08/2022,18:41:11,AMD,250,70.19,Sell
12/08/2022,18:41:11,TSLA,250,174.00,Sell
12/08/2022,18:41:11,GOOG,250,95.14,Sell
12/08/2022,18:42:11,AMD,250,70.18,Buy
12/08/2022,18:42:11,MSFT,250,248.55,Buy
12/08/2022,18:43:11,META,250,116.08,Buy
12/08/2022,18:43:11,GOOG,250,95.07,Buy
12/08/2022,18:43:11,TSLA,250,173.69,Buy
12/08/2022,18:44:10,GOOG,250,95.09,Buy
12/08/2022,18:44:11,MSFT,250,248.42,Sell
12/08/2022,18:44:11,AAPL,250,143.11,Sell
12/08/2022,18:44:11,AMD,250,70.12,Sell
12/08/2022,18:45:11,TSLA,250,173.62,Sell
12/08/2022,18:45:11,AMD,250,70.18,Buy
12/08/2022,18:45:11,MSFT,250,248.62,Sell
12/08/2022,18:45:11,AAPL,250,143.18,Buy
12/08/2022,18:47:11,AAPL,250,143.10,Sell
12/08/2022,18:47:11,AMZN,250,90.36,Sell
12/08/2022,18:48:11,MSFT,250,248.71,Buy
12/08/2022,18:48:11,AAPL,250,143.13,Sell
12/08/2022,18:48:11,AMZN,250,90.37,Buy
12/08/2022,18:48:11,META,250,115.99,Sell
12/08/2022,18:49:11,META,250,115.90,Buy
12/08/2022,18:50:11,AMZN,250,90.34,Sell
12/08/2022,18:50:11,AAPL,250,143.00,Buy
12/08/2022,18:50:11,TSLA,250,173.35,Buy
12/08/2022,18:50:11,TSLA,250,173.38,Sell
12/08/2022,18:52:11,AMD,250,69.95,Sell
12/08/2022,18:52:11,AMZN,250,90.26,Sell
12/08/2022,18:52:11,AAPL,250,142.93,Buy
12/08/2022,18:53:11,META,250,115.84,Sell
12/08/2022,18:53:11,GOOG,250,95.02,Sell
12/08/2022,18:56:11,META,250,115.89,Buy
12/08/2022,18:56:11,AMZN,250,90.19,Buy
12/08/2022,18:56:11,TSLA,250,172.63,Buy
12/08/2022,18:56:11,AMD,250,69.83,Buy
12/08/2022,18:57:11,MSFT,250,248.19,Buy
12/08/2022,18:57:11,MSFT,250,248.21,Sell
12/08/2022,18:57:11,AMD,250,69.80,Sell
12/08/2022,18:58:11,META,250,115.86,Sell
12/08/2022,18:58:11,TSLA,250,172.48,Sell
12/08/2022,18:58:11,AMD,250,69.83,Buy
12/08/2022,18:58:11,MSFT,250,248.06,Buy
12/08/2022,18:58:11,GOOG,250,94.74,Sell
12/08/2022,18:59:09,GOOG,250,94.72,Buy
12/08/2022,18:59:09,GOOG,250,94.73,Sell
12/08/2022,18:59:11,TSLA,250,172.37,Buy
12/08/2022,19:00:11,AAPL,250,142.57,Sell
12/08/2022,19:00:11,AMD,250,69.83,Sell
12/08/2022,19:03:11,META,250,115.58,Buy
12/08/2022,19:03:11,GOOG,250,94.57,Buy
12/08/2022,19:03:11,MSFT,250,247.45,Sell
12/08/2022,19:03:11,AAPL,250,142.32,Buy
12/08/2022,19:03:11,AMZN,250,89.83,Buy
12/08/2022,19:03:11,AMZN,250,89.84,Sell
12/08/2022,19:04:11,META,250,115.61,Sell
12/08/2022,19:04:11,AMD,250,69.80,Buy
12/08/2022,19:05:11,TSLA,250,171.75,Sell
12/08/2022,19:05:11,AAPL,250,142.01,Sell
12/08/2022,19:07:11,AMZN,250,89.44,Buy
12/08/2022,19:07:11,AAPL,250,141.66,Sell
12/08/2022,19:07:11,GOOG,250,94.20,Buy
12/08/2022,19:07:11,TSLA,250,171.52,Buy
12/08/2022,19:08:11,META,250,115.22,Buy
12/08/2022,19:10:11,MSFT,250,246.50,Buy
12/08/2022,19:11:11,META,250,115.32,Sell
12/08/2022,19:11:11,AMD,250,69.55,Sell
12/08/2022,19:11:11,AMZN,250,89.63,Sell
12/08/2022,19:11:11,AAPL,250,141.78,Buy
12/08/2022,19:11:11,TSLA,250,171.82,Sell
12/08/2022,19:12:11,MSFT,250,246.39,Sell
12/08/2022,19:12:11,AAPL,250,141.81,Buy
12/08/2022,19:12:11,TSLA,250,171.88,Buy
12/08/2022,19:12:11,AMZN,250,89.70,Buy
12/08/2022,19:12:11,META,250,115.33,Buy
12/08/2022,19:13:11,AMD,250,69.47,Sell
12/08/2022,19:13:11,MSFT,250,246.31,Buy
12/08/2022,19:13:11,MSFT,250,246.33,Sell
12/08/2022,19:14:11,TSLA,250,172.20,Sell
12/08/2022,19:14:11,AMD,250,69.52,Buy
12/08/2022,19:14:11,GOOG,250,94.38,Sell
12/08/2022,19:15:11,MSFT,250,246.47,Buy
12/08/2022,19:15:11,AMD,250,69.50,Buy
12/08/2022,19:16:11,TSLA,250,172.20,Buy
12/08/2022,19:18:11,GOOG,250,94.45,Sell
12/08/2022,19:18:11,AMZN,250,89.85,Sell
12/08/2022,19:18:11,AAPL,250,142.08,Sell
12/08/2022,19:18:11,META,250,115.72,Sell
12/08/2022,19:19:11,AAPL,250,142.03,Buy
12/08/2022,19:19:11,AMD,250,69.67,Sell
12/08/2022,19:20:11,AMD,250,69.69,Buy
12/08/2022,19:21:11,META,250,115.60,Buy
12/08/2022,19:21:11,AMZN,250,89.82,Buy
12/08/2022,19:21:11,GOOG,250,94.39,Buy
12/08/2022,19:22:11,TSLA,250,173.09,Sell
12/08/2022,19:22:11,GOOG,250,94.36,Sell
12/08/2022,19:22:11,AMZN,250,89.87,Sell
12/08/2022,19:23:11,META,250,115.74,Sell
12/08/2022,19:23:11,GOOG,250,94.34,Buy
12/08/2022,19:24:11,AMZN,250,89.91,Buy
12/08/2022,19:24:11,GOOG,250,94.32,Buy
12/08/2022,19:24:11,META,250,115.75,Buy
12/08/2022,19:25:11,MSFT,250,246.58,Sell
12/08/2022,19:26:11,AAPL,250,142.26,Sell
12/08/2022,19:26:11,MSFT,250,246.75,Buy
12/08/2022,19:27:11,TSLA,250,173.08,Sell
12/08/2022,19:27:11,AMZN,250,89.97,Sell
12/08/2022,19:27:11,AAPL,250,142.22,Sell
12/08/2022,19:27:11,META,250,115.86,Sell
12/08/2022,19:28:11,TSLA,250,173.01,Buy
12/08/2022,19:28:11,MSFT,250,246.67,Sell
12/08/2022,19:29:11,AMD,250,69.81,Sell
12/08/2022,19:30:10,META,250,115.55,Buy
12/08/2022,19:30:11,MSFT,250,246.45,Sell
12/08/2022,19:30:11,AMD,250,69.85,Sell
12/08/2022,19:31:11,TSLA,250,172.59,Sell
12/08/2022,19:32:11,AMZN,250,89.74,Buy
12/08/2022,19:32:11,AAPL,250,141.96,Buy
12/08/2022,19:32:11,TSLA,250,172.59,Buy
12/08/2022,19:32:11,AMD,250,69.77,Buy
12/08/2022,19:32:11,MSFT,250,246.54,Buy
12/08/2022,19:33:10,TSLA,250,172.45,Buy
12/08/2022,19:33:10,AMD,250,69.73,Buy
12/08/2022,19:34:11,AAPL,250,141.98,Buy
12/08/2022,19:34:11,AAPL,250,141.99,Sell
12/08/2022,19:35:11,AMD,250,69.75,Sell
12/08/2022,19:36:11,AAPL,250,141.99,Buy
12/08/2022,19:36:11,META,250,115.50,Sell
12/08/2022,19:36:11,AMZN,250,89.77,Sell
12/08/2022,19:36:11,GOOG,250,94.30,Sell
12/08/2022,19:37:11,META,250,115.53,Buy
12/08/2022,19:37:11,MSFT,250,246.79,Buy
12/08/2022,19:37:11,AMZN,250,89.80,Buy
12/08/2022,19:37:11,GOOG,250,94.33,Buy
12/08/2022,19:37:11,AMD,250,69.69,Buy
12/08/2022,19:38:11,GOOG,250,94.34,Sell
12/08/2022,19:39:11,GOOG,250,94.30,Sell
12/08/2022,19:39:11,META,250,115.55,Sell
12/08/2022,19:39:11,AMZN,250,89.92,Sell
12/08/2022,19:40:11,GOOG,250,94.30,Buy
12/08/2022,19:40:11,AMZN,250,89.92,Buy
12/08/2022,19:41:11,MSFT,250,247.00,Sell
12/08/2022,19:43:11,TSLA,250,173.30,Sell
12/08/2022,19:43:11,GOOG,250,94.40,Buy
12/08/2022,19:43:11,META,250,115.71,Buy
12/08/2022,19:44:11,TSLA,250,173.14,Buy
12/08/2022,19:45:11,META,250,115.72,Sell
12/08/2022,19:46:11,META,250,115.72,Buy
12/08/2022,19:47:11,TSLA,250,173.56,Sell
12/08/2022,19:47:11,MSFT,250,247.01,Buy
12/08/2022,19:47:11,MSFT,250,247.04,Sell
12/08/2022,19:47:11,AMZN,250,90.24,Sell
12/08/2022,19:47:11,AAPL,250,142.42,Sell
12/08/2022,19:47:11,AMD,250,69.96,Sell
12/08/2022,19:48:10,AMD,250,69.93,Sell
12/08/2022,19:48:11,TSLA,250,173.28,Buy
12/08/2022,19:48:11,TSLA,250,173.31,Sell
12/08/2022,19:49:11,AMD,250,69.93,Buy
12/08/2022,19:49:11,MSFT,250,246.99,Buy
12/08/2022,19:49:11,AAPL,250,142.39,Sell
12/08/2022,19:50:09,AMZN,250,90.24,Buy
12/08/2022,19:50:11,AMD,250,69.94,Buy
12/08/2022,19:50:11,TSLA,250,173.38,Buy
12/08/2022,19:51:11,AAPL,250,142.24,Buy
12/08/2022,19:51:11,AAPL,250,142.25,Sell
12/08/2022,19:52:10,META,250,115.59,Sell
12/08/2022,19:52:11,AAPL,250,142.48,Buy
12/08/2022,19:52:11,GOOG,250,94.48,Sell
12/08/2022,19:52:11,AMD,250,69.90,Sell
12/08/2022,19:52:11,MSFT,250,247.12,Sell
12/08/2022,19:52:11,AMZN,250,90.41,Sell
12/08/2022,19:54:11,AAPL,250,142.65,Buy
12/08/2022,19:55:11,META,250,115.74,Buy
12/08/2022,19:55:11,MSFT,250,247.22,Buy
12/08/2022,19:55:11,AMZN,250,90.46,Buy
12/08/2022,19:55:11,AMZN,250,90.47,Sell
12/08/2022,19:55:11,GOOG,250,94.49,Buy
12/08/2022,19:55:11,GOOG,250,94.50,Sell
12/08/2022,19:56:11,AMZN,250,90.51,Buy
12/08/2022,19:56:11,AMD,250,70.00,Buy
12/08/2022,19:57:11,GOOG,250,94.51,Buy
12/08/2022,19:58:11,META,250,115.91,Sell
12/08/2022,19:58:11,GOOG,250,94.48,Sell
12/08/2022,19:59:10,META,250,115.60,Buy
12/08/2022,19:59:11,TSLA,250,173.57,Sell
12/08/2022,20:00:11,GOOG,250,94.37,Buy
12/08/2022,20:00:11,TSLA,250,173.41,Buy
12/08/2022,20:01:11,META,250,115.56,Sell
12/08/2022,20:02:11,META,250,115.54,Buy
12/08/2022,20:02:11,MSFT,250,246.55,Sell
12/08/2022,20:03:11,TSLA,250,173.54,Sell
12/08/2022,20:04:11,MSFT,250,246.61,Sell
12/08/2022,20:04:11,AMD,250,69.95,Sell
12/08/2022,20:05:11,TSLA,250,173.42,Buy
12/08/2022,20:05:11,TSLA,250,173.48,Sell
12/08/2022,20:05:11,AMZN,250,90.30,Sell
12/08/2022,20:05:11,MSFT,250,246.36,Buy
12/08/2022,20:05:11,AMD,250,69.90,Sell
12/08/2022,20:06:11,AAPL,250,142.25,Sell
12/08/2022,20:07:11,AMZN,250,90.23,Buy
12/08/2022,20:07:11,AAPL,250,142.33,Sell
12/08/2022,20:07:11,MSFT,250,246.36,Buy
12/08/2022,20:08:11,TSLA,250,173.44,Buy
12/08/2022,20:08:11,AAPL,250,142.42,Buy
12/08/2022,20:09:11,AMD,250,69.98,Buy
12/08/2022,20:09:11,AAPL,250,142.51,Sell
12/08/2022,20:10:11,META,250,115.50,Sell
12/08/2022,20:10:11,AMZN,250,90.41,Sell
12/08/2022,20:10:11,GOOG,250,94.39,Sell
12/08/2022,20:10:11,MSFT,250,247.07,Sell
12/08/2022,20:11:11,MSFT,250,246.95,Buy
12/08/2022,20:11:11,AMD,250,70.02,Sell
12/08/2022,20:11:11,AMZN,250,90.40,Buy
12/08/2022,20:11:11,AMZN,250,90.41,Sell
12/08/2022,20:11:11,GOOG,250,94.38,Buy
12/08/2022,20:12:10,META,250,115.53,Buy
12/08/2022,20:12:11,GOOG,250,94.42,Sell
12/08/2022,20:12:11,AAPL,250,142.65,Buy
12/08/2022,20:12:11,AMD,250,70.09,Buy
12/08/2022,20:12:11,AMZN,250,90.44,Buy
12/08/2022,20:13:11,AMD,250,70.06,Buy
12/08/2022,20:14:11,META,250,115.63,Sell
12/08/2022,20:15:11,GOOG,250,94.27,Sell
12/08/2022,20:15:11,TSLA,250,173.47,Sell
12/08/2022,20:16:11,GOOG,250,94.27,Buy
12/08/2022,20:17:10,META,250,115.39,Buy
12/08/2022,20:17:10,META,250,115.41,Sell
12/08/2022,20:17:11,GOOG,250,94.32,Buy
12/08/2022,20:17:11,AAPL,250,142.62,Buy
12/08/2022,20:17:11,TSLA,250,173.80,Buy
12/08/2022,20:20:11,META,250,115.45,Buy
12/08/2022,20:20:11,TSLA,250,173.79,Sell
12/08/2022,20:20:11,MSFT,250,247.24,Sell
12/08/2022,20:22:11,MSFT,250,247.30,Buy
12/08/2022,20:22:11,MSFT,250,247.32,Sell
12/08/2022,20:22:11,AMZN,250,90.51,Sell
12/08/2022,20:23:10,TSLA,250,173.93,Sell
12/08/2022,20:23:11,AAPL,250,142.79,Sell
12/08/2022,20:24:11,AMZN,250,90.51,Buy
12/08/2022,20:24:11,AMD,250,70.20,Sell
12/08/2022,20:24:11,MSFT,250,247.40,Buy
12/08/2022,20:24:11,AAPL,250,142.78,Buy
12/08/2022,20:25:11,AMD,250,70.28,Buy
12/08/2022,20:26:11,AMZN,250,90.54,Sell
12/08/2022,20:26:11,GOOG,250,94.56,Sell
12/08/2022,20:26:11,MSFT,250,247.61,Sell
12/08/2022,20:27:11,META,250,115.69,Sell
12/08/2022,20:27:11,AMZN,250,90.59,Sell
12/08/2022,20:27:11,AAPL,250,142.93,Sell
12/08/2022,20:27:11,TSLA,250,174.06,Buy
12/08/2022,20:27:11,AMD,250,70.34,Sell
12/08/2022,20:28:11,META,250,115.61,Buy
12/08/2022,20:28:11,AMZN,250,90.55,Buy
12/08/2022,20:28:11,GOOG,250,94.52,Buy
12/08/2022,20:28:11,MSFT,250,247.62,Buy
12/08/2022,20:28:11,AMD,250,70.28,Buy
12/08/2022,20:28:11,AMD,250,70.29,Sell
12/08/2022,20:29:11,AMD,250,70.35,Buy
12/08/2022,20:29:11,AMZN,250,90.63,Buy
12/08/2022,20:29:11,AAPL,250,142.88,Buy
12/08/2022,20:31:11,GOOG,250,94.63,Sell
12/08/2022,20:32:11,META,250,115.83,Sell
12/08/2022,20:32:11,TSLA,250,174.42,Sell
12/08/2022,20:32:11,AAPL,250,142.97,Sell
12/08/2022,20:32:11,GOOG,250,94.60,Buy
12/08/2022,20:32:11,GOOG,250,94.61,Sell
12/08/2022,20:35:09,GOOG,250,94.42,Buy
12/08/2022,20:35:11,META,250,115.63,Sell
12/08/2022,20:35:11,AAPL,250,142.69,Buy
12/08/2022,20:35:11,TSLA,250,173.91,Buy
12/08/2022,20:36:11,META,250,115.62,Buy
12/08/2022,20:37:11,MSFT,250,247.55,Sell
12/08/2022,20:37:11,TSLA,250,173.91,Buy
12/08/2022,20:39:11,AMZN,250,90.49,Sell
12/08/2022,20:39:11,MSFT,250,247.42,Sell
12/08/2022,20:39:11,META,250,115.67,Buy
12/08/2022,20:39:11,AAPL,250,142.66,Sell
12/08/2022,20:40:11,AMZN,250,90.45,Buy
12/08/2022,20:40:11,AMD,250,70.34,Sell
12/08/2022,20:41:11,AMD,250,70.38,Buy
12/08/2022,20:41:11,MSFT,250,247.28,Buy
12/08/2022,20:41:11,AAPL,250,142.60,Buy
12/08/2022,20:42:11,TSLA,250,173.58,Sell
12/08/2022,20:43:11,AMD,250,70.46,Sell
12/08/2022,20:43:11,GOOG,250,94.25,Sell
12/08/2022,20:43:11,META,250,115.57,Sell
12/08/2022,20:43:11,AMZN,250,90.39,Sell
12/08/2022,20:43:11,MSFT,250,247.19,Sell
12/08/2022,20:44:11,AMD,250,70.59,Buy
12/08/2022,20:44:11,AMD,250,70.60,Sell
12/08/2022,20:44:11,AAPL,250,142.63,Sell
12/08/2022,20:44:11,AMZN,250,90.39,Buy
12/08/2022,20:44:11,AMZN,250,90.40,Sell
12/08/2022,20:44:11,MSFT,250,247.29,Buy
12/08/2022,20:45:11,AMZN,250,90.35,Buy
12/08/2022,20:47:11,GOOG,250,94.14,Sell
12/08/2022,20:48:11,MSFT,250,246.73,Buy
12/08/2022,20:50:11,TSLA,250,173.27,Buy
12/08/2022,20:50:11,TSLA,250,173.34,Sell
12/08/2022,20:50:11,GOOG,250,93.89,Sell
12/08/2022,20:50:11,AMD,250,70.22,Buy
12/08/2022,20:50:11,AAPL,250,142.16,Buy
12/08/2022,20:50:11,AAPL,250,142.17,Sell
12/08/2022,20:51:11,META,250,115.08,Buy
12/08/2022,20:51:11,META,250,115.10,Sell
12/08/2022,20:51:11,TSLA,250,173.15,Buy
12/08/2022,20:51:11,GOOG,250,93.85,Buy
12/08/2022,20:52:11,TSLA,250,173.47,Sell
12/08/2022,20:52:11,AAPL,250,142.33,Buy
12/08/2022,20:52:11,GOOG,250,94.03,Buy
12/08/2022,20:53:11,META,250,115.23,Buy
12/08/2022,20:53:11,GOOG,250,93.97,Buy
12/08/2022,20:54:10,META,250,115.21,Sell
12/08/2022,20:55:11,AMZN,250,90.34,Sell
12/08/2022,20:55:11,TSLA,250,173.37,Buy
12/08/2022,20:55:11,META,250,115.28,Buy
12/08/2022,20:56:11,AMD,250,70.49,Sell
12/08/2022,20:56:11,MSFT,250,247.28,Sell
12/08/2022,20:56:11,AAPL,250,142.69,Sell
12/08/2022,20:57:11,AMZN,250,90.31,Buy
12/08/2022,20:57:11,AMD,250,70.45,Buy
12/08/2022,20:58:11,AAPL,250,142.65,Buy
12/08/2022,20:59:09,AMD,250,70.45,Sell
12/08/2022,20:59:11,AMZN,250,90.34,Sell
12/08/2022,20:59:11,MSFT,250,247.30,Buy
12/08/2022,20:59:11,MSFT,250,247.33,Sell
12/08/2022,21:00:10,AMZN,250,90.34,Sell
12/08/2022,21:03:10,MSFT,250,247.49,Sell
12/08/2022,21:04:29,AAPL,250,142.63,Sell
12/08/2022,21:04:36,META,250,115.30,Sell
12/08/2022,21:05:00,AMD,250,70.49,Sell
12/08/2022,21:05:05,TSLA,250,173.43,Sell
12/08/2022,21:06:07,TSLA,250,173.35,Sell
12/08/2022,21:06:07,GOOG,250,94.00,Sell
12/08/2022,21:07:09,AAPL,250,142.54,Sell
12/08/2022,21:07:11,GOOG,250,93.99,Sell
12/08/2022,21:07:58,META,250,115.29,Sell
12/08/2022,21:08:01,GOOG,250,93.96,Sell
12/08/2022,21:09:52,META,250,115.21,Sell
12/08/2022,21:10:06,TSLA,250,173.27,Sell
12/08/2022,21:10:11,AMZN,250,90.40,Sell
12/08/2022,21:10:44,MSFT,250,247.39,Sell
12/08/2022,21:12:11,AMD,250,70.54,Sell
12/08/2022,21:13:07,AAPL,250,142.63,Sell
12/09/2022,14:30:11,AMZN,250,88.95,Buy
12/09/2022,14:31:11,AMZN,250,89.43,Buy
12/09/2022,14:31:11,GOOG,250,93.86,Buy
12/09/2022,14:31:11,AMD,250,69.38,Buy
12/09/2022,14:32:11,AMZN,250,89.25,Buy
12/09/2022,14:32:11,MSFT,250,244.56,Buy
12/09/2022,14:33:11,MSFT,250,245.23,Buy
12/09/2022,14:33:11,TSLA,250,174.60,Buy
12/09/2022,14:33:11,GOOG,250,93.83,Buy
12/09/2022,14:33:11,META,250,114.50,Buy
12/09/2022,14:33:11,AAPL,250,141.30,Buy
12/09/2022,14:34:11,GOOG,250,93.79,Buy
12/09/2022,14:34:11,META,250,114.55,Buy
12/09/2022,14:34:11,AAPL,250,141.23,Buy
12/09/2022,14:34:11,AMD,250,69.08,Buy
12/09/2022,14:34:11,TSLA,250,174.90,Buy
12/09/2022,14:34:11,MSFT,250,245.21,Buy
12/09/2022,14:35:11,AMD,250,69.07,Buy
12/09/2022,14:36:11,AAPL,250,141.73,Buy
12/09/2022,14:36:11,TSLA,250,175.23,Buy
12/09/2022,14:38:11,META,250,114.85,Buy
12/09/2022,14:45:11,AMZN,250,90.11,Sell
12/09/2022,14:46:11,AMZN,250,89.90,Buy
12/09/2022,14:46:11,AMZN,250,89.91,Sell
12/09/2022,14:46:11,AMD,250,69.75,Sell
12/09/2022,14:46:11,GOOG,250,94.27,Sell
12/09/2022,14:47:11,MSFT,250,246.05,Sell
12/09/2022,14:47:11,AMZN,250,89.86,Buy
12/09/2022,14:47:11,AMZN,250,89.88,Sell
12/09/2022,14:48:11,META,250,115.23,Sell
12/09/2022,14:48:11,AMZN,250,89.96,Buy
12/09/2022,14:48:11,GOOG,250,94.25,Sell
12/09/2022,14:48:11,AAPL,250,141.95,Sell
12/09/2022,14:48:11,MSFT,250,245.98,Sell
12/09/2022,14:48:11,TSLA,250,178.55,Sell
12/09/2022,14:49:11,MSFT,250,245.81,Sell
12/09/2022,14:49:11,META,250,114.88,Sell
12/09/2022,14:49:11,GOOG,250,94.23,Sell
12/09/2022,14:49:11,TSLA,250,178.18,Sell
12/09/2022,14:49:11,AAPL,250,141.91,Sell
12/09/2022,14:49:11,AMD,250,69.45,Sell
12/09/2022,14:50:11,AAPL,250,141.75,Buy
12/09/2022,14:50:11,AMD,250,69.20,Sell
12/09/2022,14:51:11,AAPL,250,141.49,Sell
12/09/2022,14:51:11,TSLA,250,178.01,Sell
12/09/2022,14:52:11,TSLA,250,178.30,Buy
12/09/2022,14:52:11,AMD,250,69.17,Buy
12/09/2022,14:52:11,GOOG,250,94.17,Buy
12/09/2022,14:52:11,MSFT,250,245.66,Buy
12/09/2022,14:53:11,META,250,114.87,Buy
12/09/2022,14:53:11,META,250,114.92,Sell
12/09/2022,14:53:11,AMD,250,69.09,Buy
12/09/2022,14:54:11,AMD,250,68.98,Buy
12/09/2022,14:55:11,AAPL,250,141.69,Buy
12/09/2022,14:55:11,META,250,115.07,Buy
12/09/2022,14:56:11,META,250,115.05,Buy
12/09/2022,14:56:11,GOOG,250,94.00,Buy
12/09/2022,14:57:11,AAPL,250,141.65,Buy
12/09/2022,14:57:11,MSFT,250,245.36,Buy
12/09/2022,14:57:11,GOOG,250,94.04,Buy
12/09/2022,14:59:11,TSLA,250,177.02,Buy
12/09/2022,15:00:11,TSLA,250,178.02,Buy
12/09/2022,15:00:11,MSFT,250,245.70,Buy
12/09/2022,15:01:11,AMZN,250,89.67,Sell
12/09/2022,15:02:11,AMZN,250,89.67,Sell
12/09/2022,15:03:11,AMZN,250,89.61,Buy
12/09/2022,15:03:11,AMZN,250,89.62,Sell
12/09/2022,15:04:11,AMZN,250,89.74,Buy
12/09/2022,15:05:11,AMZN,250,89.61,Buy
12/09/2022,15:05:11,AAPL,250,142.28,Sell
12/09/2022,15:07:11,MSFT,250,246.15,Sell
12/09/2022,15:07:11,GOOG,250,94.23,Sell
12/09/2022,15:07:11,AMD,250,69.65,Sell
12/09/2022,15:07:11,TSLA,250,178.77,Sell
12/09/2022,15:08:11,META,250,115.39,Sell
12/09/2022,15:08:11,TSLA,250,177.95,Buy
12/09/2022,15:08:11,AMD,250,69.55,Buy
12/09/2022,15:08:11,AMD,250,69.57,Sell
12/09/2022,15:09:11,AMD,250,69.47,Sell
12/09/2022,15:10:11,GOOG,250,94.15,Buy
12/09/2022,15:10:11,AAPL,250,142.43,Buy
12/09/2022,15:10:11,AAPL,250,142.44,Sell
12/09/2022,15:10:11,META,250,115.37,Buy
12/09/2022,15:10:11,META,250,115.41,Sell
12/09/2022,15:10:11,AMD,250,69.54,Buy
12/09/2022,15:11:11,META,250,115.41,Sell
12/09/2022,15:11:11,GOOG,250,94.11,Sell
12/09/2022,15:11:11,AMD,250,69.34,Buy
12/09/2022,15:12:11,META,250,115.48,Buy
12/09/2022,15:12:11,AAPL,250,142.13,Sell
12/09/2022,15:12:11,MSFT,250,245.30,Buy
12/09/2022,15:12:11,MSFT,250,245.34,Sell
12/09/2022,15:12:11,GOOG,250,94.01,Sell
12/09/2022,15:14:11,META,250,115.44,Buy
12/09/2022,15:14:11,TSLA,250,178.27,Sell
12/09/2022,15:15:11,MSFT,250,245.39,Buy
12/09/2022,15:15:11,MSFT,250,245.44,Sell
12/09/2022,15:15:11,TSLA,250,178.40,Buy
12/09/2022,15:15:11,TSLA,250,178.45,Sell
12/09/2022,15:16:11,MSFT,250,244.83,Buy
12/09/2022,15:17:11,GOOG,250,93.91,Buy
12/09/2022,15:17:11,AAPL,250,141.99,Buy
12/09/2022,15:18:11,AAPL,250,142.12,Buy
12/09/2022,15:18:11,GOOG,250,93.99,Buy
12/09/2022,15:18:11,TSLA,250,177.94,Buy
12/09/2022,15:18:11,AMZN,250,89.48,Sell
12/09/2022,15:19:11,AMZN,250,89.48,Sell
12/09/2022,15:20:11,AMZN,250,89.35,Buy
12/09/2022,15:20:11,AMZN,250,89.36,Sell
12/09/2022,15:22:11,AMZN,250,89.35,Buy
12/09/2022,15:23:11,TSLA,250,178.02,Sell
12/09/2022,15:23:11,AMD,250,69.41,Sell
12/09/2022,15:25:11,AAPL,250,142.11,Sell
12/09/2022,15:25:11,AMD,250,69.39,Buy
12/09/2022,15:25:11,AMD,250,69.41,Sell
12/09/2022,15:25:11,GOOG,250,93.73,Sell
12/09/2022,15:25:11,AMZN,250,89.08,Buy
12/09/2022,15:25:11,META,250,115.00,Sell
12/09/2022,15:26:11,GOOG,250,93.72,Buy
12/09/2022,15:26:11,AAPL,250,142.05,Buy
12/09/2022,15:26:11,AMD,250,69.33,Buy
12/09/2022,15:26:11,AMD,250,69.34,Sell
12/09/2022,15:27:11,MSFT,250,244.91,Sell
12/09/2022,15:27:11,AMD,250,69.33,Buy
12/09/2022,15:27:11,META,250,114.83,Sell
12/09/2022,15:28:11,TSLA,250,178.22,Buy
12/09/2022,15:28:11,META,250,114.96,Buy
12/09/2022,15:29:11,META,250,115.23,Sell
12/09/2022,15:29:11,MSFT,250,245.30,Buy
12/09/2022,15:30:11,MSFT,250,245.78,Sell
12/09/2022,15:30:11,TSLA,250,179.63,Sell
12/09/2022,15:31:11,MSFT,250,246.63,Sell
12/09/2022,15:32:11,GOOG,250,94.11,Sell
12/09/2022,15:32:11,META,250,115.54,Buy
12/09/2022,15:32:11,AAPL,250,142.96,Sell
12/09/2022,15:32:11,TSLA,250,179.98,Buy
12/09/2022,15:33:11,META,250,115.41,Buy
12/09/2022,15:33:11,GOOG,250,94.05,Buy
12/09/2022,15:33:11,GOOG,250,94.07,Sell
12/09/2022,15:33:11,AAPL,250,142.86,Buy
12/09/2022,15:33:11,AAPL,250,142.89,Sell
12/09/2022,15:33:11,TSLA,250,179.96,Sell
12/09/2022,15:34:11,AAPL,250,142.88,Buy
12/09/2022,15:34:11,TSLA,250,179.91,Buy
12/09/2022,15:35:11,AMZN,250,89.22,Sell
12/09/2022,15:36:11,AMZN,250,89.26,Buy
12/09/2022,15:37:11,AMZN,250,89.55,Sell
12/09/2022,15:38:11,AMZN,250,89.40,Buy
12/09/2022,15:38:11,GOOG,250,94.02,Buy
12/09/2022,15:38:11,MSFT,250,246.30,Buy
12/09/2022,15:40:11,AMD,250,69.79,Sell
12/09/2022,15:40:11,AMZN,250,89.53,Sell
12/09/2022,15:41:11,GOOG,250,94.26,Sell
12/09/2022,15:41:11,AMZN,250,89.61,Buy
12/09/2022,15:41:11,AMD,250,69.94,Buy
12/09/2022,15:41:11,AMD,250,69.95,Sell
12/09/2022,15:41:11,AAPL,250,143.08,Sell
12/09/2022,15:42:11,AMD,250,69.78,Sell
12/09/2022,15:43:11,GOOG,250,94.17,Buy
12/09/2022,15:43:11,META,250,115.51,Sell
12/09/2022,15:43:11,TSLA,250,180.70,Sell
12/09/2022,15:44:11,MSFT,250,245.97,Sell
12/09/2022,15:44:11,META,250,115.49,Buy
12/09/2022,15:45:11,MSFT,250,245.98,Buy
12/09/2022,15:45:11,AAPL,250,143.08,Buy
12/09/2022,15:45:11,TSLA,250,180.31,Buy
12/09/2022,15:46:11,MSFT,250,245.80,Buy
12/09/2022,15:47:11,META,250,115.51,Sell
12/09/2022,15:47:11,TSLA,250,180.02,Sell
12/09/2022,15:48:11,META,250,115.66,Sell
12/09/2022,15:48:11,AAPL,250,143.01,Sell
12/09/2022,15:48:11,GOOG,250,94.02,Sell
12/09/2022,15:49:11,META,250,115.62,Buy
12/09/2022,15:49:11,AMD,250,69.56,Buy
12/09/2022,15:49:11,TSLA,250,180.24,Buy
12/09/2022,15:49:11,TSLA,250,180.28,Sell
12/09/2022,15:49:11,AAPL,250,143.01,Buy
12/09/2022,15:49:11,AAPL,250,143.02,Sell
12/09/2022,15:50:11,AMD,250,69.57,Buy
12/09/2022,15:50:11,TSLA,250,180.04,Buy
12/09/2022,15:51:11,META,250,115.63,Buy
12/09/2022,15:51:11,GOOG,250,93.92,Buy
12/09/2022,15:51:11,AMZN,250,89.21,Sell
12/09/2022,15:51:11,AAPL,250,143.03,Buy
12/09/2022,15:52:11,AMZN,250,89.21,Buy
12/09/2022,15:53:11,GOOG,250,93.93,Sell
12/09/2022,15:53:11,AMZN,250,89.33,Sell
12/09/2022,15:53:11,MSFT,250,246.57,Sell
12/09/2022,15:55:11,AMZN,250,89.49,Buy
12/09/2022,15:55:11,MSFT,250,246.62,Buy
12/09/2022,15:56:10,AMZN,250,89.54,Sell
12/09/2022,15:56:11,AMD,250,69.83,Sell
12/09/2022,15:58:11,AMZN,250,89.61,Buy
12/09/2022,15:58:11,GOOG,250,94.23,Sell
12/09/2022,15:59:11,META,250,116.61,Sell
12/09/2022,16:00:11,MSFT,250,247.76,Sell
12/09/2022,16:00:11,AAPL,250,144.23,Sell
12/09/2022,16:00:11,TSLA,250,182.17,Sell
12/09/2022,16:01:11,AAPL,250,144.21,Buy
12/09/2022,16:01:11,MSFT,250,247.73,Buy
12/09/2022,16:01:11,MSFT,250,247.76,Sell
12/09/2022,16:01:11,TSLA,250,182.22,Buy
12/09/2022,16:02:11,MSFT,250,247.74,Buy
12/09/2022,16:02:11,AMD,250,70.24,Buy
12/09/2022,16:03:11,META,250,116.64,Buy
12/09/2022,16:03:11,GOOG,250,94.24,Buy
12/09/2022,16:04:11,AAPL,250,144.51,Sell
12/09/2022,16:04:11,META,250,116.77,Sell
12/09/2022,16:04:11,AMD,250,70.28,Sell
12/09/2022,16:04:11,GOOG,250,94.25,Buy
12/09/2022,16:04:11,TSLA,250,182.07,Sell
12/09/2022,16:05:11,AMD,250,70.21,Sell
12/09/2022,16:05:11,TSLA,250,181.98,Sell
12/09/2022,16:05:11,META,250,116.60,Buy
12/09/2022,16:06:11,AAPL,250,144.52,Buy
12/09/2022,16:06:11,AAPL,250,144.53,Sell
12/09/2022,16:06:11,GOOG,250,94.18,Sell
12/09/2022,16:06:11,META,250,116.91,Sell
12/09/2022,16:07:11,AMZN,250,89.62,Sell
12/09/2022,16:07:11,AMD,250,70.18,Buy
12/09/2022,16:08:09,AMZN,250,89.62,Buy
12/09/2022,16:08:11,META,250,116.46,Buy
12/09/2022,16:08:11,AMD,250,70.17,Buy
12/09/2022,16:08:11,TSLA,250,181.41,Buy
12/09/2022,16:09:11,AAPL,250,144.25,Buy
12/09/2022,16:09:11,GOOG,250,94.11,Buy
12/09/2022,16:10:11,AMZN,250,89.50,Sell
12/09/2022,16:10:11,MSFT,250,247.74,Sell
12/09/2022,16:12:11,AMZN,250,89.48,Buy
12/09/2022,16:13:11,AMZN,250,89.50,Sell
12/09/2022,16:14:10,AMZN,250,89.51,Buy
12/09/2022,16:15:11,MSFT,250,247.20,Buy
12/09/2022,16:15:11,TSLA,250,180.88,Buy
12/09/2022,16:16:11,AAPL,250,144.05,Sell
12/09/2022,16:16:11,MSFT,250,247.30,Sell
12/09/2022,16:16:11,TSLA,250,180.95,Sell
12/09/2022,16:17:11,AMD,250,69.94,Sell
12/09/2022,16:17:11,MSFT,250,247.15,Sell
12/09/2022,16:18:11,MSFT,250,247.03,Buy
12/09/2022,16:18:11,META,250,116.31,Sell
12/09/2022,16:18:11,AMD,250,69.86,Buy
12/09/2022,16:18:11,GOOG,250,93.95,Sell
12/09/2022,16:19:11,GOOG,250,93.94,Sell
12/09/2022,16:19:11,META,250,116.41,Buy
12/09/2022,16:20:11,META,250,116.49,Sell
12/09/2022,16:20:11,MSFT,250,247.01,Buy
12/09/2022,16:20:11,AAPL,250,144.25,Buy
12/09/2022,16:20:11,GOOG,250,93.95,Buy
12/09/2022,16:21:11,META,250,116.54,Buy
12/09/2022,16:21:11,AAPL,250,144.35,Sell
12/09/2022,16:22:11,AMD,250,70.06,Sell
12/09/2022,16:22:11,AAPL,250,144.30,Buy
12/09/2022,16:23:11,TSLA,250,180.89,Sell
12/09/2022,16:23:11,META,250,116.79,Sell
12/09/2022,16:23:11,AMZN,250,89.66,Sell
12/09/2022,16:23:11,AMD,250,70.18,Sell
12/09/2022,16:24:11,TSLA,250,181.08,Buy
12/09/2022,16:24:11,AMZN,250,89.68,Buy
12/09/2022,16:24:11,GOOG,250,94.08,Buy
12/09/2022,16:24:11,GOOG,250,94.10,Sell
12/09/2022,16:24:11,AAPL,250,144.53,Sell
12/09/2022,16:24:11,META,250,116.81,Buy
12/09/2022,16:25:11,AAPL,250,144.48,Buy
12/09/2022,16:25:11,AMD,250,70.21,Buy
12/09/2022,16:26:11,GOOG,250,94.11,Buy
12/09/2022,16:26:11,AMD,250,70.34,Buy
12/09/2022,16:26:11,TSLA,250,181.25,Buy
12/09/2022,16:27:11,AMZN,250,89.52,Sell
12/09/2022,16:29:11,AMZN,250,89.67,Buy
12/09/2022,16:29:11,AMZN,250,89.68,Sell
12/09/2022,16:30:11,MSFT,250,247.07,Sell
12/09/2022,16:30:11,TSLA,250,181.20,Sell
12/09/2022,16:32:11,MSFT,250,247.12,Buy
12/09/2022,16:32:11,TSLA,250,180.66,Buy
12/09/2022,16:32:11,AMZN,250,89.57,Buy
12/09/2022,16:33:11,MSFT,250,247.35,Sell
12/09/2022,16:33:11,AMD,250,70.45,Sell
12/09/2022,16:34:11,META,250,116.91,Sell
12/09/2022,16:34:11,MSFT,250,247.29,Buy
12/09/2022,16:35:10,GOOG,250,94.30,Sell
12/09/2022,16:35:11,AAPL,250,144.46,Sell
12/09/2022,16:35:11,MSFT,250,247.27,Sell
12/09/2022,16:36:11,AAPL,250,144.50,Buy
12/09/2022,16:36:11,META,250,116.91,Buy
12/09/2022,16:36:11,META,250,116.93,Sell
12/09/2022,16:37:11,GOOG,250,94.28,Buy
12/09/2022,16:37:11,AAPL,250,144.57,Sell
12/09/2022,16:37:11,META,250,117.01,Buy
12/09/2022,16:37:11,AMD,250,70.61,Buy
12/09/2022,16:38:11,AAPL,250,144.48,Buy
12/09/2022,16:39:11,AMZN,250,89.68,Sell
12/09/2022,16:39:11,TSLA,250,180.84,Sell
12/09/2022,16:39:11,GOOG,250,94.14,Sell
12/09/2022,16:39:11,META,250,116.64,Sell
12/09/2022,16:40:11,TSLA,250,180.80,Buy
12/09/2022,16:40:11,AAPL,250,144.36,Sell
12/09/2022,16:40:11,GOOG,250,94.19,Buy
12/09/2022,16:40:11,AMD,250,70.37,Sell
12/09/2022,16:41:11,GOOG,250,94.14,Sell
12/09/2022,16:41:11,TSLA,250,180.71,Sell
12/09/2022,16:41:11,META,250,116.65,Buy
12/09/2022,16:41:11,AMD,250,70.41,Buy
12/09/2022,16:41:11,AMD,250,70.42,Sell
12/09/2022,16:43:11,GOOG,250,94.03,Buy
12/09/2022,16:43:11,AMZN,250,89.58,Buy
12/09/2022,16:43:11,MSFT,250,246.64,Buy
12/09/2022,16:43:11,AAPL,250,144.42,Buy
12/09/2022,16:43:11,TSLA,250,180.53,Buy
12/09/2022,16:44:11,AMZN,250,89.65,Sell
12/09/2022,16:47:11,TSLA,250,181.09,Sell
12/09/2022,16:47:11,MSFT,250,247.25,Sell
12/09/2022,16:47:11,AMZN,250,89.64,Buy
12/09/2022,16:47:11,AMZN,250,89.65,Sell
12/09/2022,16:48:11,AMZN,250,89.71,Buy
12/09/2022,16:48:11,AMD,250,70.45,Buy
12/09/2022,16:48:11,TSLA,250,181.17,Buy
12/09/2022,16:49:11,MSFT,250,247.38,Sell
12/09/2022,16:50:11,MSFT,250,247.44,Buy
12/09/2022,16:51:10,META,250,117.01,Sell
12/09/2022,16:51:11,AAPL,250,145.02,Sell
12/09/2022,16:52:10,MSFT,250,247.43,Buy
12/09/2022,16:52:11,AMD,250,70.56,Sell
12/09/2022,16:52:11,META,250,116.95,Buy
12/09/2022,16:52:11,META,250,116.97,Sell
12/09/2022,16:52:11,GOOG,250,94.34,Sell
12/09/2022,16:53:11,GOOG,250,94.35,Buy
12/09/2022,16:53:11,META,250,117.14,Buy
12/09/2022,16:53:11,AMD,250,70.58,Buy
12/09/2022,16:53:11,AAPL,250,145.05,Sell
12/09/2022,16:54:11,AAPL,250,145.08,Buy
12/09/2022,16:55:11,GOOG,250,94.28,Sell
12/09/2022,16:55:11,TSLA,250,181.66,Sell
12/09/2022,16:56:11,META,250,116.84,Sell
12/09/2022,16:56:11,AMD,250,70.50,Sell
12/09/2022,16:57:11,AAPL,250,144.92,Buy
12/09/2022,16:58:10,GOOG,250,94.29,Buy
12/09/2022,16:58:10,GOOG,250,94.30,Sell
12/09/2022,16:58:11,AMZN,250,89.62,Sell
12/09/2022,16:58:11,META,250,116.83,Buy
12/09/2022,16:58:11,TSLA,250,181.59,Sell
12/09/2022,16:58:11,MSFT,250,247.37,Sell
12/09/2022,16:58:11,AAPL,250,144.92,Sell
12/09/2022,16:59:10,TSLA,250,181.72,Buy
12/09/2022,16:59:10,AMZN,250,89.62,Buy
12/09/2022,16:59:11,AMD,250,70.46,Buy
12/09/2022,17:00:11,MSFT,250,247.40,Buy
12/09/2022,17:02:11,AMZN,250,89.60,Sell
12/09/2022,17:03:10,AMZN,250,89.59,Sell
12/09/2022,17:03:11,TSLA,250,181.96,Sell
12/09/2022,17:03:11,AMD,250,70.48,Sell
12/09/2022,17:05:10,GOOG,250,94.01,Buy
12/09/2022,17:05:11,MSFT,250,247.13,Sell
12/09/2022,17:05:11,TSLA,250,181.80,Buy
12/09/2022,17:05:11,AAPL,250,145.00,Buy
12/09/2022,17:06:11,AMZN,250,89.53,Buy
12/09/2022,17:07:11,MSFT,250,247.15,Sell
12/09/2022,17:07:11,META,250,116.60,Sell
12/09/2022,17:08:11,GOOG,250,93.96,Sell
12/09/2022,17:08:11,MSFT,250,247.05,Buy
12/09/2022,17:08:11,AMZN,250,89.53,Buy
12/09/2022,17:08:11,META,250,116.64,Buy
12/09/2022,17:08:11,META,250,116.66,Sell
12/09/2022,17:08:11,AMD,250,70.42,Buy
12/09/2022,17:08:11,AMD,250,70.44,Sell
12/09/2022,17:09:11,GOOG,250,93.93,Buy
12/09/2022,17:09:11,MSFT,250,247.14,Buy
12/09/2022,17:09:11,AAPL,250,145.20,Sell
12/09/2022,17:10:11,TSLA,250,182.01,Buy
12/09/2022,17:12:11,META,250,117.00,Buy
12/09/2022,17:12:11,AAPL,250,145.37,Buy
12/09/2022,17:12:11,AAPL,250,145.38,Sell
12/09/2022,17:13:11,AAPL,250,145.37,Buy
12/09/2022,17:13:11,AMD,250,70.46,Buy
12/09/2022,17:13:11,META,250,117.01,Sell
12/09/2022,17:13:11,GOOG,250,94.16,Sell
12/09/2022,17:14:11,AMZN,250,89.69,Sell
12/09/2022,17:14:11,AMD,250,70.44,Sell
12/09/2022,17:14:11,TSLA,250,182.03,Sell
12/09/2022,17:15:11,TSLA,250,182.07,Buy
12/09/2022,17:15:11,META,250,117.01,Buy
12/09/2022,17:15:11,MSFT,250,247.43,Sell
12/09/2022,17:15:11,GOOG,250,94.18,Buy
12/09/2022,17:16:11,AMD,250,70.38,Buy
12/09/2022,17:19:11,MSFT,250,247.28,Buy
12/09/2022,17:19:11,AMZN,250,89.54,Buy
12/09/2022,17:20:10,GOOG,250,94.08,Sell
12/09/2022,17:20:11,AAPL,250,145.13,Sell
12/09/2022,17:20:11,TSLA,250,181.91,Sell
12/09/2022,17:21:11,AMZN,250,89.50,Sell
12/09/2022,17:21:11,AAPL,250,145.04,Buy
12/09/2022,17:22:11,GOOG,250,94.01,Buy
12/09/2022,17:22:11,AMZN,250,89.49,Buy
12/09/2022,17:23:11,AMD,250,70.34,Sell
12/09/2022,17:23:11,MSFT,250,247.18,Sell
12/09/2022,17:23:11,META,250,116.92,Sell
12/09/2022,17:23:11,AMZN,250,89.46,Sell
12/09/2022,17:24:11,GOOG,250,94.09,Sell
12/09/2022,17:24:11,META,250,116.89,Buy
12/09/2022,17:24:11,MSFT,250,247.15,Buy
12/09/2022,17:24:11,MSFT,250,247.18,Sell
12/09/2022,17:25:11,MSFT,250,247.16,Buy
12/09/2022,17:25:11,TSLA,250,181.68,Buy
12/09/2022,17:25:11,TSLA,250,181.71,Sell
12/09/2022,17:26:11,AMZN,250,89.46,Buy
12/09/2022,17:26:11,TSLA,250,181.71,Buy
12/09/2022,17:27:11,AMD,250,70.32,Buy
12/09/2022,17:27:11,META,250,117.14,Sell
12/09/2022,17:27:11,AAPL,250,145.07,Sell
12/09/2022,17:28:11,AAPL,250,144.87,Sell
12/09/2022,17:28:11,META,250,116.98,Buy
12/09/2022,17:28:11,AMD,250,70.27,Sell
12/09/2022,17:28:11,GOOG,250,94.14,Buy
12/09/2022,17:30:11,META,250,117.00,Sell
12/09/2022,17:30:11,AMD,250,70.17,Buy
12/09/2022,17:30:11,TSLA,250,182.03,Sell
12/09/2022,17:30:11,GOOG,250,94.16,Sell
12/09/2022,17:31:11,AMD,250,70.22,Sell
12/09/2022,17:32:11,TSLA,250,182.14,Buy
12/09/2022,17:32:11,GOOG,250,94.23,Buy
12/09/2022,17:32:11,META,250,117.08,Buy
12/09/2022,17:34:11,AAPL,250,144.90,Buy
12/09/2022,17:34:11,MSFT,250,247.45,Sell
12/09/2022,17:34:11,AMZN,250,89.53,Sell
12/09/2022,17:35:11,AAPL,250,144.93,Buy
12/09/2022,17:35:11,AMD,250,70.25,Buy
12/09/2022,17:36:11,AAPL,250,144.93,Sell
12/09/2022,17:37:11,GOOG,250,94.33,Sell
12/09/2022,17:37:11,AAPL,250,144.85,Buy
12/09/2022,17:37:11,AMZN,250,89.62,Sell
12/09/2022,17:38:11,GOOG,250,94.32,Buy
12/09/2022,17:38:11,AMZN,250,89.62,Buy
12/09/2022,17:38:11,MSFT,250,247.67,Buy
12/09/2022,17:39:11,META,250,117.13,Sell
12/09/2022,17:39:11,MSFT,250,247.61,Sell
12/09/2022,17:40:11,TSLA,250,182.48,Sell
12/09/2022,17:40:11,MSFT,250,247.69,Buy
12/09/2022,17:40:11,MSFT,250,247.71,Sell
12/09/2022,17:40:11,META,250,117.26,Buy
12/09/2022,17:41:11,MSFT,250,247.63,Buy
12/09/2022,17:41:11,AMZN,250,89.65,Buy
12/09/2022,17:41:11,AMZN,250,89.66,Sell
12/09/2022,17:41:11,TSLA,250,182.24,Sell
12/09/2022,17:42:11,AMD,250,70.14,Sell
12/09/2022,17:43:11,GOOG,250,94.24,Sell
12/09/2022,17:43:11,TSLA,250,181.89,Buy
12/09/2022,17:43:11,META,250,117.18,Sell
12/09/2022,17:43:11,AMZN,250,89.52,Buy
12/09/2022,17:44:11,TSLA,250,181.83,Buy
12/09/2022,17:44:11,META,250,117.22,Buy
12/09/2022,17:45:11,AMD,250,70.17,Sell
12/09/2022,17:45:11,GOOG,250,94.30,Buy
12/09/2022,17:47:11,GOOG,250,94.31,Sell
12/09/2022,17:47:11,TSLA,250,181.90,Sell
12/09/2022,17:47:11,META,250,117.39,Sell
12/09/2022,17:49:11,META,250,117.34,Buy
12/09/2022,17:49:11,AAPL,250,144.73,Sell
12/09/2022,17:49:11,AMD,250,70.11,Buy
12/09/2022,17:50:11,AMD,250,70.03,Sell
12/09/2022,17:50:11,AAPL,250,144.63,Sell
12/09/2022,17:51:11,TSLA,250,181.49,Buy
12/09/2022,17:52:11,AMD,250,70.01,Buy
12/09/2022,17:52:11,GOOG,250,94.22,Buy
12/09/2022,17:52:11,AAPL,250,144.59,Sell
12/09/2022,17:53:11,GOOG,250,94.27,Sell
12/09/2022,17:53:11,MSFT,250,247.51,Sell
12/09/2022,17:53:11,AMD,250,70.02,Buy
12/09/2022,17:53:11,AMZN,250,89.61,Sell
12/09/2022,17:54:08,GOOG,250,94.24,Buy
12/09/2022,17:54:11,AAPL,250,144.55,Buy
12/09/2022,17:55:11,META,250,116.97,Sell
12/09/2022,17:55:11,MSFT,250,247.41,Sell
12/09/2022,17:56:11,AMZN,250,89.63,Sell
12/09/2022,17:56:11,META,250,117.02,Buy
12/09/2022,17:56:11,MSFT,250,247.40,Buy
12/09/2022,17:56:11,MSFT,250,247.42,Sell
12/09/2022,17:56:11,AAPL,250,144.53,Buy
12/09/2022,17:58:11,AAPL,250,144.50,Buy
12/09/2022,17:58:11,AMZN,250,89.58,Sell
12/09/2022,17:58:11,TSLA,250,180.70,Sell
12/09/2022,17:59:10,META,250,116.99,Sell
12/09/2022,17:59:11,TSLA,250,180.48,Sell
12/09/2022,18:00:11,META,250,116.88,Buy
12/09/2022,18:00:11,MSFT,250,247.18,Buy
12/09/2022,18:00:11,AMZN,250,89.49,Buy
12/09/2022,18:00:11,GOOG,250,94.14,Sell
12/09/2022,18:01:11,GOOG,250,94.17,Buy
12/09/2022,18:02:11,TSLA,250,180.05,Buy
12/09/2022,18:02:11,MSFT,250,247.14,Buy
12/09/2022,18:04:11,META,250,116.73,Sell
12/09/2022,18:04:11,AMZN,250,89.43,Buy
12/09/2022,18:04:11,AMD,250,69.80,Sell
12/09/2022,18:04:11,TSLA,250,179.72,Buy
12/09/2022,18:05:11,AMZN,250,89.42,Buy
12/09/2022,18:05:11,META,250,116.69,Buy
12/09/2022,18:06:11,TSLA,250,179.70,Sell
12/09/2022,18:07:11,GOOG,250,94.00,Sell
12/09/2022,18:07:11,AMD,250,69.74,Buy
12/09/2022,18:07:11,AMD,250,69.75,Sell
12/09/2022,18:07:11,TSLA,250,179.70,Buy
12/09/2022,18:08:11,AMD,250,69.72,Sell
12/09/2022,18:09:11,GOOG,250,93.95,Buy
12/09/2022,18:09:11,GOOG,250,93.96,Sell
12/09/2022,18:09:11,AAPL,250,144.09,Sell
12/09/2022,18:10:11,AAPL,250,144.02,Buy
12/09/2022,18:11:11,MSFT,250,246.60,Sell
12/09/2022,18:11:11,META,250,116.52,Sell
12/09/2022,18:11:11,AAPL,250,144.00,Sell
12/09/2022,18:13:11,AAPL,250,143.94,Buy
12/09/2022,18:13:11,AAPL,250,143.96,Sell
12/09/2022,18:14:10,GOOG,250,93.66,Buy
12/09/2022,18:14:11,AMD,250,69.47,Buy
12/09/2022,18:14:11,META,250,116.51,Buy
12/09/2022,18:15:11,AMZN,250,89.04,Sell
12/09/2022,18:15:11,META,250,116.47,Sell
12/09/2022,18:15:11,MSFT,250,246.58,Buy
12/09/2022,18:15:11,MSFT,250,246.61,Sell
12/09/2022,18:16:11,META,250,116.50,Buy
12/09/2022,18:16:11,GOOG,250,93.74,Sell
12/09/2022,18:17:11,MSFT,250,246.85,Sell
12/09/2022,18:17:11,TSLA,250,179.73,Sell
12/09/2022,18:18:11,AAPL,250,144.17,Buy
12/09/2022,18:18:11,AMD,250,69.62,Buy
12/09/2022,18:18:11,MSFT,250,246.86,Buy
12/09/2022,18:19:11,TSLA,250,179.73,Sell
12/09/2022,18:19:11,AMZN,250,89.20,Buy
12/09/2022,18:19:11,AMZN,250,89.21,Sell
12/09/2022,18:19:11,MSFT,250,246.88,Buy
12/09/2022,18:20:11,META,250,116.70,Sell
12/09/2022,18:20:11,AMZN,250,89.20,Buy
12/09/2022,18:20:11,AMZN,250,89.21,Sell
12/09/2022,18:20:11,TSLA,250,179.55,Buy
12/09/2022,18:21:10,GOOG,250,93.76,Buy
12/09/2022,18:21:11,AMZN,250,89.26,Buy
12/09/2022,18:22:11,TSLA,250,179.37,Sell
12/09/2022,18:22:11,AMD,250,69.64,Sell
12/09/2022,18:23:11,AMD,250,69.62,Buy
12/09/2022,18:24:11,TSLA,250,179.15,Buy
12/09/2022,18:24:11,GOOG,250,93.79,Sell
12/09/2022,18:25:11,AAPL,250,143.94,Sell
12/09/2022,18:26:11,AAPL,250,144.04,Buy
12/09/2022,18:26:11,GOOG,250,93.70,Buy
12/09/2022,18:26:11,TSLA,250,178.80,Buy
12/09/2022,18:27:11,META,250,116.69,Buy
12/09/2022,18:28:11,AAPL,250,144.10,Sell
12/09/2022,18:29:11,META,250,116.72,Sell
12/09/2022,18:29:11,GOOG,250,93.81,Sell
12/09/2022,18:29:11,AAPL,250,144.10,Buy
12/09/2022,18:29:11,AMD,250,69.55,Sell
12/09/2022,18:30:11,MSFT,250,246.86,Sell
12/09/2022,18:31:11,AMD,250,69.61,Buy
12/09/2022,18:31:11,META,250,116.96,Sell
12/09/2022,18:32:11,META,250,116.86,Buy
12/09/2022,18:33:11,AMD,250,69.67,Sell
12/09/2022,18:33:11,AAPL,250,144.36,Sell
12/09/2022,18:33:11,MSFT,250,247.21,Buy
12/09/2022,18:33:11,MSFT,250,247.24,Sell
12/09/2022,18:34:11,AMZN,250,89.39,Sell
12/09/2022,18:34:11,MSFT,250,247.10,Sell
12/09/2022,18:35:10,GOOG,250,94.03,Buy
12/09/2022,18:35:10,AMZN,250,89.40,Sell
12/09/2022,18:35:10,TSLA,250,179.94,Sell
12/09/2022,18:36:11,GOOG,250,94.05,Sell
12/09/2022,18:36:11,AMZN,250,89.41,Sell
12/09/2022,18:36:11,MSFT,250,247.05,Buy
12/09/2022,18:36:11,AMD,250,69.57,Buy
12/09/2022,18:37:11,TSLA,250,180.00,Buy
12/09/2022,18:37:11,META,250,116.71,Buy
12/09/2022,18:37:11,MSFT,250,247.16,Buy
12/09/2022,18:38:10,GOOG,250,94.09,Buy
12/09/2022,18:38:11,AMD,250,69.67,Sell
12/09/2022,18:39:11,AMD,250,69.62,Buy
12/09/2022,18:39:11,AMZN,250,89.50,Buy
12/09/2022,18:39:11,AAPL,250,144.41,Buy
12/09/2022,18:39:11,TSLA,250,180.11,Sell
12/09/2022,18:40:11,TSLA,250,180.31,Buy
12/09/2022,18:41:11,GOOG,250,94.12,Sell
12/09/2022,18:41:11,AAPL,250,144.38,Sell
12/09/2022,18:41:11,TSLA,250,180.31,Sell
12/09/2022,18:42:11,AMZN,250,89.44,Buy
12/09/2022,18:42:11,GOOG,250,94.02,Buy
12/09/2022,18:42:11,TSLA,250,179.91,Buy
12/09/2022,18:42:11,META,250,116.72,Sell
12/09/2022,18:44:11,AAPL,250,144.14,Buy
12/09/2022,18:44:11,AAPL,250,144.15,Sell
12/09/2022,18:44:11,META,250,116.69,Buy
12/09/2022,18:45:11,AAPL,250,144.25,Buy
12/09/2022,18:46:11,AMD,250,69.66,Sell
12/09/2022,18:47:11,META,250,116.94,Sell
12/09/2022,18:47:11,AMZN,250,89.52,Buy
12/09/2022,18:48:11,MSFT,250,246.94,Sell
12/09/2022,18:49:11,MSFT,250,247.09,Buy
12/09/2022,18:49:11,AMD,250,69.62,Buy
12/09/2022,18:50:11,GOOG,250,93.99,Sell
12/09/2022,18:51:11,AMD,250,69.69,Sell
12/09/2022,18:51:11,GOOG,250,94.05,Buy
12/09/2022,18:51:11,MSFT,250,247.21,Sell
12/09/2022,18:52:11,TSLA,250,180.39,Sell
12/09/2022,18:52:11,MSFT,250,247.16,Sell
12/09/2022,18:52:11,META,250,117.17,Sell
12/09/2022,18:53:11,GOOG,250,94.01,Sell
12/09/2022,18:53:11,META,250,117.09,Buy
12/09/2022,18:53:11,AMD,250,69.68,Buy
12/09/2022,18:54:11,AMD,250,69.62,Sell
12/09/2022,18:54:11,TSLA,250,180.25,Buy
12/09/2022,18:54:11,AAPL,250,144.19,Sell
12/09/2022,18:54:11,AMZN,250,89.35,Sell
12/09/2022,18:55:11,AMD,250,69.63,Buy
12/09/2022,18:55:11,AMZN,250,89.45,Buy
12/09/2022,18:55:11,GOOG,250,93.93,Buy
12/09/2022,18:55:11,META,250,117.05,Buy
12/09/2022,18:55:11,AAPL,250,144.21,Buy
12/09/2022,18:55:11,MSFT,250,246.99,Buy
12/09/2022,18:55:11,TSLA,250,180.42,Sell
12/09/2022,18:56:11,TSLA,250,180.28,Buy
12/09/2022,18:57:11,AMZN,250,89.55,Sell
12/09/2022,18:57:11,TSLA,250,180.37,Sell
12/09/2022,18:57:11,GOOG,250,93.93,Sell
12/09/2022,18:58:11,TSLA,250,180.49,Buy
12/09/2022,18:59:11,META,250,116.93,Sell
12/09/2022,18:59:11,AAPL,250,144.25,Sell
12/09/2022,19:00:11,GOOG,250,93.90,Buy
12/09/2022,19:00:11,AAPL,250,144.24,Sell
12/09/2022,19:00:11,MSFT,250,246.97,Buy
12/09/2022,19:00:11,META,250,116.82,Buy
12/09/2022,19:00:11,AMZN,250,89.57,Buy
12/09/2022,19:02:11,AMZN,250,89.50,Sell
12/09/2022,19:03:11,AMZN,250,89.48,Buy
12/09/2022,19:04:11,MSFT,250,246.57,Sell
12/09/2022,19:04:11,AMD,250,69.44,Sell
12/09/2022,19:05:11,AAPL,250,143.92,Buy
12/09/2022,19:05:11,AMD,250,69.40,Buy
12/09/2022,19:05:11,MSFT,250,246.44,Buy
12/09/2022,19:06:11,GOOG,250,93.55,Sell
12/09/2022,19:07:11,GOOG,250,93.62,Buy
12/09/2022,19:07:11,AAPL,250,143.93,Buy
12/09/2022,19:08:11,META,250,116.52,Sell
12/09/2022,19:08:11,AMD,250,69.42,Sell
12/09/2022,19:09:11,META,250,116.50,Buy
12/09/2022,19:09:11,TSLA,250,180.37,Sell
12/09/2022,19:09:11,AMD,250,69.43,Buy
12/09/2022,19:10:11,MSFT,250,246.40,Sell
12/09/2022,19:10:11,AMD,250,69.43,Sell
12/09/2022,19:10:11,GOOG,250,93.60,Sell
12/09/2022,19:10:11,AMZN,250,89.53,Sell
12/09/2022,19:10:11,AAPL,250,143.90,Sell
12/09/2022,19:10:11,META,250,116.43,Sell
12/09/2022,19:11:11,TSLA,250,180.24,Sell
12/09/2022,19:12:11,META,250,116.53,Buy
12/09/2022,19:12:11,AMZN,250,89.52,Buy
12/09/2022,19:12:11,AMD,250,69.46,Buy
12/09/2022,19:12:11,AAPL,250,143.96,Buy
12/09/2022,19:12:11,TSLA,250,180.37,Buy
12/09/2022,19:13:11,TSLA,250,180.43,Buy
12/09/2022,19:13:11,TSLA,250,180.46,Sell
12/09/2022,19:14:11,MSFT,250,246.48,Buy
12/09/2022,19:14:11,TSLA,250,180.44,Buy
12/09/2022,19:15:11,MSFT,250,246.69,Sell
12/09/2022,19:15:11,GOOG,250,93.80,Sell
12/09/2022,19:15:11,META,250,116.75,Sell
12/09/2022,19:15:11,AMZN,250,89.64,Sell
12/09/2022,19:16:11,META,250,116.71,Buy
12/09/2022,19:16:11,MSFT,250,246.72,Buy
12/09/2022,19:18:11,GOOG,250,93.82,Buy
12/09/2022,19:18:11,AMZN,250,89.62,Buy
12/09/2022,19:18:11,AMZN,250,89.64,Sell
12/09/2022,19:20:10,AMZN,250,89.60,Buy
12/09/2022,19:20:11,AMD,250,69.65,Sell
12/09/2022,19:20:11,AAPL,250,144.24,Sell
12/09/2022,19:20:11,MSFT,250,246.93,Sell
12/09/2022,19:21:10,AMD,250,69.65,Buy
12/09/2022,19:21:11,GOOG,250,93.78,Buy
12/09/2022,19:21:11,MSFT,250,246.88,Buy
12/09/2022,19:22:11,GOOG,250,93.73,Sell
12/09/2022,19:22:11,AAPL,250,144.09,Sell
12/09/2022,19:23:11,AAPL,250,144.18,Buy
12/09/2022,19:23:11,GOOG,250,93.78,Buy
12/09/2022,19:24:08,META,250,116.84,Sell
12/09/2022,19:24:11,AMD,250,69.68,Sell
12/09/2022,19:25:11,AAPL,250,144.21,Buy
12/09/2022,19:25:11,AMD,250,69.66,Buy
12/09/2022,19:27:11,AMZN,250,89.59,Sell
12/09/2022,19:27:11,AMD,250,69.63,Sell
12/09/2022,19:27:11,AAPL,250,144.25,Sell
12/09/2022,19:27:11,TSLA,250,181.22,Sell
12/09/2022,19:27:11,META,250,116.81,Sell
12/09/2022,19:28:11,TSLA,250,181.45,Buy
12/09/2022,19:28:11,TSLA,250,181.49,Sell
12/09/2022,19:28:11,AMD,250,69.66,Buy
12/09/2022,19:29:11,AAPL,250,144.25,Buy
12/09/2022,19:29:11,TSLA,250,181.50,Sell
12/09/2022,19:29:11,MSFT,250,246.99,Sell
12/09/2022,19:29:11,AMZN,250,89.57,Buy
12/09/2022,19:30:11,TSLA,250,181.27,Buy
12/09/2022,19:31:11,META,250,116.68,Sell
12/09/2022,19:31:11,MSFT,250,246.91,Sell
12/09/2022,19:31:11,TSLA,250,181.25,Buy
12/09/2022,19:33:11,GOOG,250,93.76,Sell
12/09/2022,19:33:11,AMZN,250,89.61,Sell
12/09/2022,19:33:11,META,250,116.74,Buy
12/09/2022,19:34:11,MSFT,250,246.93,Buy
12/09/2022,19:35:10,META,250,116.74,Buy
12/09/2022,19:35:10,MSFT,250,247.05,Buy
12/09/2022,19:35:11,AMZN,250,89.62,Buy
12/09/2022,19:35:11,AMZN,250,89.63,Sell
12/09/2022,19:36:11,GOOG,250,93.82,Sell
12/09/2022,19:36:11,AMD,250,69.68,Sell
12/09/2022,19:36:11,MSFT,250,247.10,Sell
12/09/2022,19:36:11,META,250,116.75,Buy
12/09/2022,19:37:11,AMZN,250,89.62,Buy
12/09/2022,19:37:11,MSFT,250,247.10,Buy
12/09/2022,19:38:11,GOOG,250,93.87,Sell
12/09/2022,19:38:11,AAPL,250,144.22,Sell
12/09/2022,19:38:11,AMD,250,69.66,Buy
12/09/2022,19:40:11,AMD,250,69.66,Sell
12/09/2022,19:40:11,AAPL,250,144.09,Sell
12/09/2022,19:43:11,AMD,250,69.49,Sell
12/09/2022,19:43:11,TSLA,250,180.50,Sell
12/09/2022,19:44:11,AAPL,250,144.04,Sell
12/09/2022,19:44:11,AMZN,250,89.49,Sell
12/09/2022,19:44:11,AMD,250,69.53,Buy
12/09/2022,19:44:11,TSLA,250,180.67,Buy
12/09/2022,19:45:11,AMZN,250,89.47,Buy
12/09/2022,19:45:11,AMD,250,69.50,Buy
12/09/2022,19:45:11,TSLA,250,180.51,Sell
12/09/2022,19:45:11,AAPL,250,143.94,Buy
12/09/2022,19:45:11,GOOG,250,93.69,Buy
12/09/2022,19:46:11,TSLA,250,180.75,Buy
12/09/2022,19:46:11,TSLA,250,180.77,Sell
12/09/2022,19:47:11,GOOG,250,93.71,Buy
12/09/2022,19:48:09,META,250,116.67,Sell
12/09/2022,19:48:11,AAPL,250,144.08,Buy
12/09/2022,19:49:11,MSFT,250,246.91,Sell
12/09/2022,19:50:11,META,250,116.70,Sell
12/09/2022,19:50:11,GOOG,250,93.69,Buy
12/09/2022,19:50:11,AMZN,250,89.49,Sell
12/09/2022,19:50:11,MSFT,250,246.82,Buy
12/09/2022,19:50:11,MSFT,250,246.85,Sell
12/09/2022,19:50:11,TSLA,250,180.93,Buy
12/09/2022,19:51:11,META,250,116.60,Sell
12/09/2022,19:52:11,META,250,116.65,Buy
12/09/2022,19:52:11,MSFT,250,246.81,Sell
12/09/2022,19:52:11,AMZN,250,89.50,Buy
12/09/2022,19:52:11,AMZN,250,89.51,Sell
12/09/2022,19:53:11,AMD,250,69.49,Sell
12/09/2022,19:53:11,AMZN,250,89.48,Buy
12/09/2022,19:55:11,AAPL,250,143.93,Buy
12/09/2022,19:56:11,MSFT,250,246.84,Buy
12/09/2022,19:57:11,MSFT,250,247.05,Buy
12/09/2022,19:58:11,META,250,116.62,Buy
12/09/2022,19:58:11,AMD,250,69.56,Buy
12/09/2022,19:59:11,META,250,116.61,Buy
12/09/2022,19:59:11,AMD,250,69.51,Sell
12/09/2022,19:59:11,TSLA,250,180.76,Sell
12/09/2022,20:00:11,AMZN,250,89.56,Sell
12/09/2022,20:00:11,AAPL,250,143.88,Sell
12/09/2022,20:00:11,TSLA,250,180.97,Buy
12/09/2022,20:00:11,GOOG,250,93.72,Sell
12/09/2022,20:00:11,AMD,250,69.55,Buy
12/09/2022,20:00:11,AMD,250,69.56,Sell
12/09/2022,20:01:11,AMZN,250,89.57,Buy
12/09/2022,20:01:11,TSLA,250,181.06,Sell
12/09/2022,20:02:11,AMD,250,69.54,Buy
12/09/2022,20:02:11,GOOG,250,93.64,Buy
12/09/2022,20:02:11,GOOG,250,93.65,Sell
12/09/2022,20:03:11,TSLA,250,181.13,Buy
12/09/2022,20:03:11,AAPL,250,144.02,Sell
12/09/2022,20:04:11,GOOG,250,93.70,Buy
12/09/2022,20:04:11,AAPL,250,144.03,Buy
12/09/2022,20:05:11,GOOG,250,93.72,Sell
12/09/2022,20:05:11,MSFT,250,246.99,Sell
12/09/2022,20:05:11,TSLA,250,181.09,Sell
12/09/2022,20:06:11,MSFT,250,247.02,Buy
12/09/2022,20:07:11,META,250,116.77,Sell
12/09/2022,20:07:11,AMZN,250,89.67,Sell
12/09/2022,20:07:11,TSLA,250,181.05,Buy
12/09/2022,20:08:11,AMZN,250,89.68,Sell
12/09/2022,20:10:11,GOOG,250,93.76,Buy
12/09/2022,20:10:11,AAPL,250,143.92,Buy
12/09/2022,20:10:11,AAPL,250,143.93,Sell
12/09/2022,20:10:11,META,250,116.63,Buy
12/09/2022,20:11:11,MSFT,250,247.01,Sell
12/09/2022,20:12:11,MSFT,250,247.07,Buy
12/09/2022,20:12:11,MSFT,250,247.09,Sell
12/09/2022,20:12:11,AAPL,250,143.92,Buy
12/09/2022,20:13:11,META,250,116.80,Sell
12/09/2022,20:13:11,AMZN,250,89.64,Buy
12/09/2022,20:13:11,AMD,250,69.55,Sell
12/09/2022,20:14:11,AMD,250,69.46,Buy
12/09/2022,20:14:11,META,250,116.75,Buy
12/09/2022,20:14:11,META,250,116.76,Sell
12/09/2022,20:15:10,AMD,250,69.51,Sell
12/09/2022,20:15:11,TSLA,250,180.66,Sell
12/09/2022,20:16:11,TSLA,250,180.63,Buy
12/09/2022,20:16:11,AMZN,250,89.66,Sell
12/09/2022,20:16:11,MSFT,250,247.37,Buy
12/09/2022,20:16:11,META,250,116.77,Buy
12/09/2022,20:17:11,GOOG,250,93.90,Sell
12/09/2022,20:17:11,AMD,250,69.42,Sell
12/09/2022,20:17:11,AMZN,250,89.58,Buy
12/09/2022,20:18:11,GOOG,250,93.94,Buy
12/09/2022,20:18:11,TSLA,250,180.56,Sell
12/09/2022,20:18:11,AMD,250,69.45,Buy
12/09/2022,20:18:11,AMZN,250,89.64,Buy
12/09/2022,20:19:11,GOOG,250,93.95,Sell
12/09/2022,20:19:11,AAPL,250,144.02,Sell
12/09/2022,20:19:11,TSLA,250,180.73,Buy
12/09/2022,20:20:11,GOOG,250,93.90,Buy
12/09/2022,20:21:11,AMD,250,69.42,Buy
12/09/2022,20:21:11,MSFT,250,247.38,Sell
12/09/2022,20:21:11,AAPL,250,143.95,Buy
12/09/2022,20:22:11,TSLA,250,180.44,Sell
12/09/2022,20:25:11,GOOG,250,93.82,Sell
12/09/2022,20:25:11,AAPL,250,143.76,Sell
12/09/2022,20:25:11,META,250,116.54,Sell
12/09/2022,20:26:11,GOOG,250,93.81,Buy
12/09/2022,20:26:11,MSFT,250,247.30,Buy
12/09/2022,20:26:11,TSLA,250,180.32,Buy
12/09/2022,20:27:11,AAPL,250,143.70,Sell
12/09/2022,20:27:11,MSFT,250,247.27,Sell
12/09/2022,20:28:11,META,250,116.42,Buy
12/09/2022,20:28:11,AAPL,250,143.68,Buy
12/09/2022,20:28:11,MSFT,250,247.35,Buy
12/09/2022,20:28:11,AMZN,250,89.46,Sell
12/09/2022,20:29:10,META,250,116.47,Sell
12/09/2022,20:29:11,AMD,250,69.26,Sell
12/09/2022,20:29:11,AAPL,250,143.70,Buy
12/09/2022,20:30:11,META,250,116.38,Buy
12/09/2022,20:30:11,AMZN,250,89.50,Buy
12/09/2022,20:31:11,AMD,250,69.22,Buy
12/09/2022,20:31:11,MSFT,250,247.25,Sell
12/09/2022,20:31:11,TSLA,250,180.63,Sell
12/09/2022,20:31:11,META,250,116.49,Sell
12/09/2022,20:32:11,MSFT,250,247.21,Buy
12/09/2022,20:32:11,META,250,116.46,Buy
12/09/2022,20:32:11,AMZN,250,89.57,Sell
12/09/2022,20:33:11,AMZN,250,89.49,Sell
12/09/2022,20:33:11,GOOG,250,93.75,Sell
12/09/2022,20:33:11,AMD,250,69.04,Sell
12/09/2022,20:34:11,AMZN,250,89.59,Buy
12/09/2022,20:34:11,GOOG,250,93.79,Buy
12/09/2022,20:34:11,AMD,250,69.06,Buy
12/09/2022,20:34:11,TSLA,250,180.42,Sell
12/09/2022,20:35:11,GOOG,250,93.77,Sell
12/09/2022,20:36:11,AAPL,250,143.56,Sell
12/09/2022,20:36:11,AMD,250,69.04,Sell
12/09/2022,20:39:11,AAPL,250,143.26,Buy
12/09/2022,20:39:11,TSLA,250,179.93,Buy
12/09/2022,20:40:11,AMD,250,68.89,Buy
12/09/2022,20:41:11,MSFT,250,246.54,Sell
12/09/2022,20:41:11,AMZN,250,89.19,Buy
12/09/2022,20:41:11,GOOG,250,93.45,Buy
12/09/2022,20:41:11,GOOG,250,93.46,Sell
12/09/2022,20:41:11,TSLA,250,179.65,Sell
12/09/2022,20:43:11,META,250,116.20,Sell
12/09/2022,20:43:11,TSLA,250,179.64,Buy
12/09/2022,20:43:11,MSFT,250,246.59,Buy
12/09/2022,20:43:11,MSFT,250,246.61,Sell
12/09/2022,20:43:11,AAPL,250,143.05,Sell
12/09/2022,20:44:11,AAPL,250,142.89,Buy
12/09/2022,20:44:11,AAPL,250,142.90,Sell
12/09/2022,20:44:11,GOOG,250,93.43,Buy
12/09/2022,20:44:11,META,250,116.12,Buy
12/09/2022,20:45:11,AMZN,250,89.12,Sell
12/09/2022,20:45:11,META,250,116.13,Sell
12/09/2022,20:46:11,AMD,250,68.81,Sell
12/09/2022,20:46:11,TSLA,250,179.58,Buy
12/09/2022,20:46:11,MSFT,250,246.42,Buy
12/09/2022,20:46:11,META,250,116.20,Buy
12/09/2022,20:46:11,AAPL,250,142.89,Buy
12/09/2022,20:46:11,AMZN,250,89.16,Buy
12/09/2022,20:47:11,META,250,116.26,Sell
12/09/2022,20:47:11,MSFT,250,246.53,Sell
12/09/2022,20:48:11,AMD,250,68.88,Buy
12/09/2022,20:48:11,MSFT,250,246.72,Buy
12/09/2022,20:49:11,GOOG,250,93.53,Sell
12/09/2022,20:49:11,AMD,250,68.81,Sell
12/09/2022,20:49:11,AMZN,250,89.18,Sell
12/09/2022,20:53:08,GOOG,250,93.20,Buy
12/09/2022,20:53:11,AMD,250,68.66,Buy
12/09/2022,20:53:11,META,250,115.99,Buy
12/09/2022,20:53:11,AMZN,250,88.95,Buy
12/09/2022,20:54:11,TSLA,250,178.84,Sell
12/09/2022,20:54:11,AAPL,250,142.45,Sell
12/09/2022,20:55:11,TSLA,250,179.12,Buy
12/09/2022,20:55:11,AAPL,250,142.54,Buy
12/09/2022,20:55:11,AMD,250,68.68,Sell
12/09/2022,20:56:10,AMZN,250,89.14,Sell
12/09/2022,20:56:11,GOOG,250,93.10,Sell
12/09/2022,20:58:11,GOOG,250,93.05,Buy
12/09/2022,20:58:11,MSFT,250,245.32,Sell
12/09/2022,20:58:11,TSLA,250,179.09,Sell
12/09/2022,20:58:11,AMZN,250,89.06,Buy
12/09/2022,20:59:11,AAPL,250,142.18,Sell
12/09/2022,20:59:11,AMD,250,68.61,Buy
12/09/2022,20:59:11,GOOG,250,93.09,Sell
12/09/2022,20:59:11,META,250,115.96,Sell
12/09/2022,21:01:04,MSFT,250,245.50,Sell
12/09/2022,21:01:06,META,250,116.03,Sell
12/09/2022,21:01:08,AAPL,250,142.15,Sell
12/09/2022,21:01:08,TSLA,250,178.95,Sell
12/09/2022,21:01:11,AMZN,250,89.06,Sell
12/09/2022,21:03:00,MSFT,250,245.49,Sell
12/09/2022,21:03:08,AMD,250,68.59,Sell
12/09/2022,21:06:57,AMD,250,68.58,Sell
12/09/2022,21:07:24,AMZN,250,89.10,Sell
12/09/2022,21:08:01,META,250,115.94,Sell
12/09/2022,21:08:09,GOOG,250,93.09,Sell
12/09/2022,21:09:51,TSLA,250,178.93,Sell
12/09/2022,21:10:07,AAPL,250,142.08,Sell
12/09/2022,21:13:11,AMZN,250,89.05,Sell
12/09/2022,21:13:11,GOOG,250,93.08,Sell
12/09/2022,21:13:43,AMD,250,68.54,Sell
12/12/2022,14:30:11,META,250,115.29,Buy
12/12/2022,14:30:11,TSLA,250,176.06,Buy
12/12/2022,14:30:11,AMD,250,68.70,Buy
12/12/2022,14:31:11,AMZN,250,89.16,Buy
12/12/2022,14:31:11,AAPL,250,142.38,Buy
12/12/2022,14:32:11,META,250,115.34,Buy
12/12/2022,14:32:11,MSFT,250,248.09,Buy
12/12/2022,14:33:11,AMZN,250,88.91,Buy
12/12/2022,14:34:11,AMD,250,68.57,Buy
12/12/2022,14:34:11,AAPL,250,142.30,Buy
12/12/2022,14:34:11,GOOG,250,93.32,Buy
12/12/2022,14:34:11,META,250,115.46,Buy
12/12/2022,14:34:11,TSLA,250,174.88,Buy
12/12/2022,14:34:11,AMZN,250,88.89,Buy
12/12/2022,14:35:11,TSLA,250,174.91,Buy
12/12/2022,14:35:11,GOOG,250,93.45,Buy
12/12/2022,14:35:11,AAPL,250,142.63,Buy
12/12/2022,14:36:11,AMD,250,68.33,Buy
12/12/2022,14:39:11,MSFT,250,249.44,Buy
12/12/2022,14:41:11,GOOG,250,93.17,Buy
12/12/2022,14:42:11,MSFT,250,249.19,Buy
12/12/2022,14:45:11,META,250,114.71,Sell
12/12/2022,14:45:11,TSLA,250,173.70,Sell
12/12/2022,14:45:11,AMD,250,67.97,Sell
12/12/2022,14:46:11,META,250,114.62,Buy
12/12/2022,14:46:11,AMD,250,68.01,Buy
12/12/2022,14:46:11,AAPL,250,141.93,Sell
12/12/2022,14:46:11,AMZN,250,88.71,Sell
12/12/2022,14:47:10,META,250,114.66,Sell
12/12/2022,14:47:11,MSFT,250,250.05,Sell
12/12/2022,14:47:11,AMZN,250,88.68,Buy
12/12/2022,14:48:11,MSFT,250,250.15,Buy
12/12/2022,14:48:11,AMZN,250,88.76,Sell
12/12/2022,14:49:11,GOOG,250,93.64,Sell
12/12/2022,14:49:11,TSLA,250,173.83,Buy
12/12/2022,14:49:11,TSLA,250,173.89,Sell
12/12/2022,14:49:11,AMZN,250,89.02,Sell
12/12/2022,14:49:11,AMD,250,68.23,Sell
12/12/2022,14:49:11,META,250,114.91,Sell
12/12/2022,14:49:11,AAPL,250,142.09,Buy
12/12/2022,14:49:11,AAPL,250,142.12,Sell
12/12/2022,14:50:11,GOOG,250,93.69,Sell
12/12/2022,14:50:11,AAPL,250,142.20,Sell
12/12/2022,14:50:11,TSLA,250,173.19,Sell
12/12/2022,14:51:11,META,250,114.84,Buy
12/12/2022,14:51:11,AMD,250,68.30,Sell
12/12/2022,14:51:11,TSLA,250,172.89,Buy
12/12/2022,14:52:11,META,250,114.82,Buy
12/12/2022,14:52:11,GOOG,250,93.82,Buy
12/12/2022,14:52:11,TSLA,250,173.38,Buy
12/12/2022,14:53:11,AAPL,250,142.39,Buy
12/12/2022,14:53:11,AMZN,250,89.33,Buy
12/12/2022,14:54:11,MSFT,250,251.44,Sell
12/12/2022,14:55:11,AAPL,250,142.26,Buy
12/12/2022,14:56:11,GOOG,250,93.50,Sell
12/12/2022,14:56:11,AMD,250,68.04,Buy
12/12/2022,14:56:11,AMZN,250,89.14,Buy
12/12/2022,14:57:11,AMD,250,68.08,Buy
12/12/2022,14:57:11,MSFT,250,251.46,Buy
12/12/2022,14:57:11,MSFT,250,251.49,Sell
12/12/2022,14:58:11,GOOG,250,93.61,Buy
12/12/2022,15:01:11,AMD,250,68.29,Sell
12/12/2022,15:01:11,META,250,114.68,Sell
12/12/2022,15:02:11,META,250,114.52,Buy
12/12/2022,15:02:11,AMZN,250,88.88,Sell
12/12/2022,15:03:10,GOOG,250,93.29,Buy
12/12/2022,15:03:11,MSFT,250,250.76,Sell
12/12/2022,15:03:11,AMZN,250,88.96,Buy
12/12/2022,15:03:11,AMD,250,68.30,Buy
12/12/2022,15:04:11,AAPL,250,142.43,Sell
12/12/2022,15:04:11,TSLA,250,172.95,Sell
12/12/2022,15:04:11,MSFT,250,250.70,Buy
12/12/2022,15:05:11,AAPL,250,142.46,Buy
12/12/2022,15:06:11,TSLA,250,172.97,Sell
12/12/2022,15:06:11,META,250,115.14,Sell
12/12/2022,15:07:11,MSFT,250,250.59,Buy
12/12/2022,15:07:11,TSLA,250,172.58,Sell
12/12/2022,15:07:11,META,250,115.13,Sell
12/12/2022,15:07:11,GOOG,250,93.08,Sell
12/12/2022,15:08:10,TSLA,250,172.52,Buy
12/12/2022,15:08:11,AAPL,250,142.44,Sell
12/12/2022,15:08:11,META,250,115.01,Buy
12/12/2022,15:08:11,GOOG,250,93.01,Buy
12/12/2022,15:08:11,AMZN,250,88.79,Sell
12/12/2022,15:09:11,AAPL,250,142.46,Buy
12/12/2022,15:10:11,AAPL,250,142.55,Sell
12/12/2022,15:10:11,AMZN,250,88.83,Buy
12/12/2022,15:11:11,AMD,250,68.39,Sell
12/12/2022,15:11:11,AMZN,250,88.80,Sell
12/12/2022,15:12:11,META,250,114.48,Buy
12/12/2022,15:12:11,AMD,250,68.50,Buy
12/12/2022,15:12:11,AMD,250,68.51,Sell
12/12/2022,15:12:11,MSFT,250,250.72,Sell
12/12/2022,15:12:11,AMZN,250,88.92,Buy
12/12/2022,15:13:11,GOOG,250,93.04,Sell
12/12/2022,15:13:11,TSLA,250,172.10,Buy
12/12/2022,15:13:11,AMD,250,68.59,Buy
12/12/2022,15:14:11,AAPL,250,142.63,Buy
12/12/2022,15:14:11,MSFT,250,250.71,Buy
12/12/2022,15:16:11,GOOG,250,92.74,Buy
12/12/2022,15:17:11,META,250,113.69,Sell
12/12/2022,15:18:10,AMZN,250,88.51,Sell
12/12/2022,15:18:11,GOOG,250,92.66,Sell
12/12/2022,15:18:11,AMD,250,68.35,Sell
12/12/2022,15:19:11,META,250,113.75,Buy
12/12/2022,15:19:11,MSFT,250,250.73,Sell
12/12/2022,15:20:11,AAPL,250,142.23,Sell
12/12/2022,15:20:11,TSLA,250,171.25,Buy
12/12/2022,15:20:11,AMZN,250,88.51,Buy
12/12/2022,15:21:11,MSFT,250,250.44,Buy
12/12/2022,15:22:11,MSFT,250,250.81,Sell
12/12/2022,15:22:11,GOOG,250,92.50,Buy
12/12/2022,15:22:11,AAPL,250,142.22,Buy
12/12/2022,15:23:11,META,250,113.67,Sell
12/12/2022,15:23:11,TSLA,250,171.70,Sell
12/12/2022,15:23:11,GOOG,250,92.52,Sell
12/12/2022,15:24:10,MSFT,250,250.60,Buy
12/12/2022,15:24:11,AMD,250,68.62,Buy
12/12/2022,15:24:11,GOOG,250,92.53,Buy
12/12/2022,15:24:11,AAPL,250,142.08,Sell
12/12/2022,15:24:11,TSLA,250,171.98,Buy
12/12/2022,15:25:11,AMZN,250,88.55,Sell
12/12/2022,15:26:11,AAPL,250,142.13,Buy
12/12/2022,15:27:11,META,250,113.83,Sell
12/12/2022,15:27:11,AMZN,250,88.57,Buy
12/12/2022,15:27:11,AMZN,250,88.58,Sell
12/12/2022,15:27:11,AMD,250,68.76,Sell
12/12/2022,15:28:11,META,250,113.82,Buy
12/12/2022,15:28:11,TSLA,250,172.30,Sell
12/12/2022,15:28:11,AMD,250,68.84,Sell
12/12/2022,15:29:11,MSFT,250,250.77,Sell
12/12/2022,15:29:11,AMZN,250,88.53,Buy
12/12/2022,15:29:11,AAPL,250,142.21,Sell
12/12/2022,15:30:11,META,250,113.75,Buy
12/12/2022,15:31:11,GOOG,250,92.52,Sell
12/12/2022,15:32:11,GOOG,250,92.49,Buy
12/12/2022,15:32:11,AAPL,250,141.89,Buy
12/12/2022,15:33:11,TSLA,250,171.48,Buy
12/12/2022,15:33:11,AMD,250,68.60,Buy
12/12/2022,15:33:11,MSFT,250,250.28,Buy
12/12/2022,15:34:11,META,250,113.35,Sell
12/12/2022,15:35:11,TSLA,250,171.33,Sell
12/12/2022,15:35:11,AMZN,250,88.15,Sell
12/12/2022,15:36:11,META,250,113.43,Buy
12/12/2022,15:36:11,MSFT,250,249.68,Sell
12/12/2022,15:36:11,AMD,250,68.49,Buy
12/12/2022,15:37:10,GOOG,250,92.32,Sell
12/12/2022,15:37:11,MSFT,250,249.93,Buy
12/12/2022,15:37:11,AMZN,250,88.21,Buy
12/12/2022,15:37:11,TSLA,250,171.37,Buy
12/12/2022,15:37:11,AAPL,250,141.84,Sell
12/12/2022,15:39:11,AMD,250,68.40,Sell
12/12/2022,15:39:11,MSFT,250,249.54,Sell
12/12/2022,15:39:11,GOOG,250,92.29,Buy
12/12/2022,15:39:11,GOOG,250,92.30,Sell
12/12/2022,15:39:11,TSLA,250,170.82,Sell
12/12/2022,15:40:11,TSLA,250,170.87,Buy
12/12/2022,15:40:11,AAPL,250,141.81,Buy
12/12/2022,15:40:11,GOOG,250,92.30,Buy
12/12/2022,15:40:11,MSFT,250,249.66,Buy
12/12/2022,15:41:11,AAPL,250,141.71,Sell
12/12/2022,15:42:11,AMZN,250,88.02,Sell
12/12/2022,15:43:11,AMD,250,68.48,Buy
12/12/2022,15:43:11,AMZN,250,88.03,Buy
12/12/2022,15:43:11,META,250,113.30,Sell
12/12/2022,15:44:11,AMZN,250,88.02,Sell
12/12/2022,15:44:11,AAPL,250,141.57,Buy
12/12/2022,15:45:11,META,250,113.38,Sell
12/12/2022,15:47:11,GOOG,250,92.10,Sell
12/12/2022,15:47:11,META,250,113.49,Buy
12/12/2022,15:47:11,AAPL,250,141.31,Sell
12/12/2022,15:48:11,MSFT,250,249.48,Sell
12/12/2022,15:48:11,AAPL,250,141.22,Buy
12/12/2022,15:48:11,AMD,250,68.50,Sell
12/12/2022,15:48:11,TSLA,250,170.91,Sell
12/12/2022,15:49:11,TSLA,250,170.82,Buy
12/12/2022,15:49:11,GOOG,250,92.12,Buy
12/12/2022,15:49:11,AMD,250,68.56,Buy
12/12/2022,15:51:11,AMZN,250,88.06,Buy
12/12/2022,15:51:11,META,250,113.26,Buy
12/12/2022,15:51:11,META,250,113.28,Sell
12/12/2022,15:51:11,MSFT,250,249.08,Buy
12/12/2022,15:51:11,AMD,250,68.41,Sell
12/12/2022,15:52:11,MSFT,250,249.15,Sell
12/12/2022,15:52:11,TSLA,250,170.64,Sell
12/12/2022,15:52:11,AMZN,250,88.09,Sell
12/12/2022,15:53:11,AMD,250,68.42,Buy
12/12/2022,15:53:11,AMZN,250,88.08,Buy
12/12/2022,15:53:11,TSLA,250,170.71,Buy
12/12/2022,15:53:11,MSFT,250,249.16,Buy
12/12/2022,15:54:11,GOOG,250,92.09,Sell
12/12/2022,15:55:11,GOOG,250,92.11,Sell
12/12/2022,15:55:11,TSLA,250,171.05,Sell
12/12/2022,15:55:11,META,250,113.43,Buy
12/12/2022,15:55:11,MSFT,250,249.27,Sell
12/12/2022,15:55:11,AAPL,250,141.41,Sell
12/12/2022,15:56:11,GOOG,250,92.19,Buy
12/12/2022,15:58:11,AMD,250,68.65,Sell
12/12/2022,15:58:11,AMZN,250,88.27,Sell
12/12/2022,15:58:11,AAPL,250,141.68,Buy
12/12/2022,15:59:07,AMZN,250,88.20,Buy
12/12/2022,15:59:10,AAPL,250,141.78,Sell
12/12/2022,15:59:11,AMD,250,68.70,Buy
12/12/2022,15:59:11,TSLA,250,171.72,Buy
12/12/2022,16:00:11,GOOG,250,92.26,Buy
12/12/2022,16:02:10,AAPL,250,141.85,Buy
12/12/2022,16:02:11,META,250,113.69,Sell
12/12/2022,16:03:11,AAPL,250,141.81,Sell
12/12/2022,16:03:11,MSFT,250,250.31,Buy
12/12/2022,16:03:11,META,250,113.67,Buy
12/12/2022,16:04:11,AMD,250,69.20,Sell
12/12/2022,16:04:11,GOOG,250,92.36,Sell
12/12/2022,16:04:11,AAPL,250,141.91,Buy
12/12/2022,16:04:11,TSLA,250,172.22,Sell
12/12/2022,16:05:11,GOOG,250,92.37,Buy
12/12/2022,16:05:11,AMD,250,69.21,Buy
12/12/2022,16:06:11,META,250,114.17,Sell
12/12/2022,16:06:11,AMZN,250,88.55,Sell
12/12/2022,16:06:11,MSFT,250,250.74,Sell
12/12/2022,16:07:11,MSFT,250,250.66,Buy
12/12/2022,16:07:11,AMZN,250,88.51,Buy
12/12/2022,16:08:11,AMZN,250,88.52,Sell
12/12/2022,16:08:11,TSLA,250,172.35,Sell
12/12/2022,16:08:11,MSFT,250,250.84,Sell
12/12/2022,16:08:11,META,250,114.25,Buy
12/12/2022,16:08:11,AMD,250,69.36,Sell
12/12/2022,16:09:11,TSLA,250,172.45,Buy
12/12/2022,16:09:11,AMZN,250,88.53,Buy
12/12/2022,16:09:11,MSFT,250,250.77,Buy
12/12/2022,16:09:11,AMD,250,69.41,Buy
12/12/2022,16:10:11,META,250,114.23,Sell
12/12/2022,16:11:10,META,250,114.19,Buy
12/12/2022,16:11:11,GOOG,250,92.42,Sell
12/12/2022,16:13:11,AAPL,250,142.25,Sell
12/12/2022,16:14:11,AMZN,250,88.50,Sell
12/12/2022,16:14:11,AAPL,250,142.29,Buy
12/12/2022,16:14:11,AMD,250,69.03,Sell
12/12/2022,16:14:11,TSLA,250,172.28,Buy
12/12/2022,16:14:11,TSLA,250,172.32,Sell
12/12/2022,16:15:11,GOOG,250,92.62,Sell
12/12/2022,16:15:11,AMZN,250,88.51,Buy
12/12/2022,16:15:11,TSLA,250,172.03,Buy
12/12/2022,16:17:11,AMD,250,68.88,Buy
12/12/2022,16:17:11,AAPL,250,142.31,Sell
12/12/2022,16:18:11,META,250,113.93,Sell
12/12/2022,16:18:11,MSFT,250,250.59,Sell
12/12/2022,16:19:11,META,250,113.87,Buy
12/12/2022,16:19:11,AAPL,250,142.23,Sell
12/12/2022,16:19:11,MSFT,250,250.56,Buy
12/12/2022,16:20:11,AMD,250,68.96,Sell
12/12/2022,16:20:11,GOOG,250,92.67,Sell
12/12/2022,16:21:11,GOOG,250,92.63,Buy
12/12/2022,16:21:11,AMD,250,68.91,Buy
12/12/2022,16:22:11,MSFT,250,250.56,Sell
12/12/2022,16:22:11,AMZN,250,88.48,Sell
12/12/2022,16:23:10,GOOG,250,92.58,Buy
12/12/2022,16:23:11,META,250,114.20,Sell
12/12/2022,16:23:11,MSFT,250,250.68,Buy
12/12/2022,16:24:11,META,250,114.16,Buy
12/12/2022,16:24:11,AMD,250,69.04,Sell
12/12/2022,16:24:11,AAPL,250,142.37,Buy
12/12/2022,16:24:11,MSFT,250,250.61,Sell
12/12/2022,16:24:11,AMZN,250,88.58,Buy
12/12/2022,16:24:11,AMZN,250,88.59,Sell
12/12/2022,16:24:11,TSLA,250,172.24,Sell
12/12/2022,16:25:11,GOOG,250,92.54,Buy
12/12/2022,16:25:11,TSLA,250,172.12,Buy
12/12/2022,16:26:11,AAPL,250,142.32,Buy
12/12/2022,16:26:11,AMZN,250,88.62,Buy
12/12/2022,16:26:11,META,250,114.09,Sell
12/12/2022,16:26:11,AMD,250,69.16,Buy
12/12/2022,16:27:11,META,250,114.11,Buy
12/12/2022,16:29:11,TSLA,250,171.98,Sell
12/12/2022,16:29:11,MSFT,250,250.43,Buy
12/12/2022,16:29:11,AAPL,250,142.24,Sell
12/12/2022,16:30:11,AMZN,250,88.64,Sell
12/12/2022,16:30:11,TSLA,250,171.65,Buy
12/12/2022,16:30:11,TSLA,250,171.69,Sell
12/12/2022,16:31:10,AMZN,250,88.61,Buy
12/12/2022,16:32:11,AMD,250,69.16,Sell
12/12/2022,16:32:11,TSLA,250,171.45,Buy
12/12/2022,16:34:11,MSFT,250,249.71,Sell
12/12/2022,16:34:11,META,250,113.71,Sell
12/12/2022,16:34:11,AAPL,250,141.84,Buy
12/12/2022,16:35:11,AMD,250,69.01,Buy
12/12/2022,16:36:11,AMD,250,69.14,Sell
12/12/2022,16:36:11,GOOG,250,92.07,Sell
12/12/2022,16:37:11,AMD,250,69.14,Buy
12/12/2022,16:38:11,MSFT,250,249.81,Buy
12/12/2022,16:38:11,MSFT,250,249.82,Sell
12/12/2022,16:38:11,GOOG,250,91.99,Sell
12/12/2022,16:39:10,GOOG,250,91.99,Buy
12/12/2022,16:39:11,AMZN,250,88.63,Sell
12/12/2022,16:39:11,AAPL,250,141.88,Sell
12/12/2022,16:39:11,META,250,113.48,Buy
12/12/2022,16:39:11,META,250,113.50,Sell
12/12/2022,16:40:11,GOOG,250,91.94,Sell
12/12/2022,16:40:11,MSFT,250,249.76,Buy
12/12/2022,16:40:11,META,250,113.41,Buy
12/12/2022,16:40:11,TSLA,250,171.17,Sell
12/12/2022,16:41:11,GOOG,250,92.00,Buy
12/12/2022,16:41:11,AMD,250,69.33,Sell
12/12/2022,16:41:11,AMZN,250,88.69,Buy
12/12/2022,16:41:11,AMZN,250,88.70,Sell
12/12/2022,16:41:11,AAPL,250,141.98,Sell
12/12/2022,16:42:11,GOOG,250,91.96,Buy
12/12/2022,16:42:11,TSLA,250,171.33,Buy
12/12/2022,16:42:11,META,250,113.39,Sell
12/12/2022,16:42:11,AMZN,250,88.64,Buy
12/12/2022,16:42:11,AAPL,250,141.91,Buy
12/12/2022,16:43:11,AAPL,250,141.99,Buy
12/12/2022,16:43:11,META,250,113.57,Buy
12/12/2022,16:44:11,MSFT,250,250.22,Sell
12/12/2022,16:45:11,TSLA,250,171.52,Sell
12/12/2022,16:46:11,AMZN,250,88.80,Sell
12/12/2022,16:46:11,TSLA,250,171.56,Buy
12/12/2022,16:47:11,TSLA,250,171.57,Sell
12/12/2022,16:47:11,AMD,250,69.47,Buy
12/12/2022,16:48:11,MSFT,250,250.44,Buy
12/12/2022,16:49:11,AMZN,250,88.81,Buy
12/12/2022,16:49:11,AAPL,250,142.11,Sell
12/12/2022,16:49:11,TSLA,250,171.42,Buy
12/12/2022,16:50:11,AMD,250,69.48,Sell
12/12/2022,16:51:11,AMD,250,69.51,Buy
12/12/2022,16:52:11,AMD,250,69.62,Sell
12/12/2022,16:53:11,AAPL,250,142.03,Buy
12/12/2022,16:53:11,MSFT,250,250.45,Sell
12/12/2022,16:54:11,GOOG,250,92.42,Sell
12/12/2022,16:54:11,META,250,113.74,Sell
12/12/2022,16:55:11,META,250,113.71,Sell
12/12/2022,16:55:11,MSFT,250,250.31,Buy
12/12/2022,16:55:11,MSFT,250,250.33,Sell
12/12/2022,16:56:10,META,250,113.73,Buy
12/12/2022,16:56:11,AMD,250,69.53,Buy
12/12/2022,16:56:11,GOOG,250,92.41,Buy
12/12/2022,16:56:11,GOOG,250,92.42,Sell
12/12/2022,16:56:11,AMZN,250,88.75,Sell
12/12/2022,16:57:11,AAPL,250,141.87,Sell
12/12/2022,16:57:11,AMZN,250,88.65,Buy
12/12/2022,16:57:11,AMZN,250,88.67,Sell
12/12/2022,16:57:11,GOOG,250,92.41,Sell
12/12/2022,16:57:11,TSLA,250,170.94,Sell
12/12/2022,16:57:11,META,250,113.75,Buy
12/12/2022,16:58:10,AAPL,250,141.93,Sell
12/12/2022,16:58:11,META,250,113.86,Sell
12/12/2022,16:59:11,META,250,113.83,Buy
12/12/2022,17:00:11,GOOG,250,92.42,Buy
12/12/2022,17:00:11,AAPL,250,141.93,Buy
12/12/2022,17:00:11,MSFT,250,250.31,Buy
12/12/2022,17:01:11,TSLA,250,170.23,Sell
12/12/2022,17:02:11,AAPL,250,141.99,Buy
12/12/2022,17:02:11,TSLA,250,170.54,Buy
12/12/2022,17:02:11,AMZN,250,88.74,Buy
12/12/2022,17:02:11,AMD,250,69.37,Sell
12/12/2022,17:03:11,GOOG,250,92.35,Buy
12/12/2022,17:03:11,MSFT,250,250.13,Sell
12/12/2022,17:03:11,AMD,250,69.39,Buy
12/12/2022,17:04:11,TSLA,250,170.83,Sell
12/12/2022,17:04:11,AMZN,250,88.81,Sell
12/12/2022,17:06:11,AMD,250,69.65,Sell
12/12/2022,17:06:11,AMZN,250,88.76,Buy
12/12/2022,17:07:11,AMD,250,69.55,Buy
12/12/2022,17:08:11,AAPL,250,142.02,Sell
12/12/2022,17:09:10,MSFT,250,249.81,Buy
12/12/2022,17:10:11,AAPL,250,141.96,Buy
12/12/2022,17:10:11,MSFT,250,249.89,Sell
12/12/2022,17:11:11,META,250,113.88,Sell
12/12/2022,17:11:11,GOOG,250,92.43,Sell
12/12/2022,17:11:11,MSFT,250,249.76,Buy
12/12/2022,17:11:11,AMD,250,69.64,Sell
12/12/2022,17:11:11,TSLA,250,170.23,Buy
12/12/2022,17:12:08,META,250,113.83,Sell
12/12/2022,17:12:10,AMZN,250,88.74,Sell
12/12/2022,17:13:11,META,250,113.80,Buy
12/12/2022,17:13:11,AMZN,250,88.77,Buy
12/12/2022,17:13:11,TSLA,250,170.20,Buy
12/12/2022,17:14:11,META,250,114.05,Sell
12/12/2022,17:15:11,AAPL,250,141.97,Sell
12/12/2022,17:15:11,GOOG,250,92.42,Sell
12/12/2022,17:15:11,MSFT,250,249.87,Sell
12/12/2022,17:15:11,META,250,113.92,Buy
12/12/2022,17:17:11,TSLA,250,170.44,Sell
12/12/2022,17:17:11,AMZN,250,88.73,Sell
12/12/2022,17:17:11,AAPL,250,142.00,Sell
12/12/2022,17:17:11,META,250,113.92,Buy
12/12/2022,17:18:11,TSLA,250,170.51,Buy
12/12/2022,17:18:11,GOOG,250,92.36,Buy
12/12/2022,17:18:11,GOOG,250,92.37,Sell
12/12/2022,17:18:11,AMZN,250,88.77,Buy
12/12/2022,17:18:11,AMD,250,69.76,Sell
12/12/2022,17:18:11,MSFT,250,250.12,Buy
12/12/2022,17:19:11,AAPL,250,142.04,Buy
12/12/2022,17:20:11,GOOG,250,92.44,Buy
12/12/2022,17:20:11,AMD,250,69.82,Buy
12/12/2022,17:21:11,AAPL,250,142.08,Buy
12/12/2022,17:21:11,AMZN,250,88.91,Sell
12/12/2022,17:21:11,AMD,250,69.78,Buy
12/12/2022,17:22:11,AMD,250,69.84,Sell
12/12/2022,17:23:11,GOOG,250,92.46,Buy
12/12/2022,17:24:11,AMZN,250,88.94,Buy
12/12/2022,17:24:11,MSFT,250,250.04,Sell
12/12/2022,17:25:11,AMD,250,69.96,Buy
12/12/2022,17:25:11,AAPL,250,142.03,Sell
12/12/2022,17:25:11,MSFT,250,249.96,Buy
12/12/2022,17:26:11,TSLA,250,170.58,Sell
12/12/2022,17:26:11,MSFT,250,249.88,Sell
12/12/2022,17:28:11,TSLA,250,170.78,Sell
12/12/2022,17:28:11,META,250,113.64,Sell
12/12/2022,17:28:11,AMZN,250,88.80,Sell
12/12/2022,17:29:11,TSLA,250,170.74,Buy
12/12/2022,17:30:11,META,250,113.59,Sell
12/12/2022,17:30:11,TSLA,250,170.66,Buy
12/12/2022,17:30:11,AAPL,250,141.99,Buy
12/12/2022,17:31:10,META,250,113.66,Buy
12/12/2022,17:31:11,AMZN,250,88.95,Buy
12/12/2022,17:32:11,META,250,113.58,Buy
12/12/2022,17:32:11,META,250,113.60,Sell
12/12/2022,17:33:11,AMZN,250,88.96,Sell
12/12/2022,17:33:11,MSFT,250,249.96,Buy
12/12/2022,17:33:11,MSFT,250,249.99,Sell
12/12/2022,17:33:11,TSLA,250,170.88,Sell
12/12/2022,17:33:11,GOOG,250,92.38,Sell
12/12/2022,17:34:11,TSLA,250,170.90,Buy
12/12/2022,17:34:11,GOOG,250,92.36,Buy
12/12/2022,17:34:11,AAPL,250,142.15,Sell
12/12/2022,17:35:08,GOOG,250,92.43,Sell
12/12/2022,17:35:11,AMZN,250,88.96,Buy
12/12/2022,17:35:11,META,250,113.59,Buy
12/12/2022,17:35:11,AMD,250,70.16,Sell
12/12/2022,17:36:11,AAPL,250,142.33,Sell
12/12/2022,17:36:11,AMD,250,70.02,Sell
12/12/2022,17:38:11,GOOG,250,92.41,Buy
12/12/2022,17:38:11,GOOG,250,92.42,Sell
12/12/2022,17:38:11,AAPL,250,142.25,Buy
12/12/2022,17:39:11,AMZN,250,88.91,Sell
12/12/2022,17:39:11,GOOG,250,92.34,Buy
12/12/2022,17:39:11,AMD,250,69.84,Buy
12/12/2022,17:40:11,AMZN,250,88.97,Buy
12/12/2022,17:40:11,MSFT,250,250.20,Sell
12/12/2022,17:40:11,AMD,250,69.90,Buy
12/12/2022,17:40:11,AMD,250,69.91,Sell
12/12/2022,17:40:11,AAPL,250,142.36,Buy
12/12/2022,17:41:11,AMD,250,70.04,Buy
12/12/2022,17:42:11,MSFT,250,250.29,Buy
12/12/2022,17:44:11,TSLA,250,171.06,Sell
12/12/2022,17:45:11,MSFT,250,250.31,Buy
12/12/2022,17:45:11,AAPL,250,142.34,Sell
12/12/2022,17:45:11,TSLA,250,171.05,Sell
12/12/2022,17:46:11,META,250,114.00,Sell
12/12/2022,17:46:11,AMZN,250,88.95,Sell
12/12/2022,17:47:10,META,250,113.82,Sell
12/12/2022,17:47:11,AMZN,250,88.90,Buy
12/12/2022,17:47:11,TSLA,250,171.25,Buy
12/12/2022,17:48:11,MSFT,250,250.35,Sell
12/12/2022,17:49:11,AAPL,250,142.32,Buy
12/12/2022,17:49:11,GOOG,250,92.41,Sell
12/12/2022,17:49:11,TSLA,250,171.12,Buy
12/12/2022,17:49:11,TSLA,250,171.15,Sell
12/12/2022,17:50:11,AMZN,250,88.87,Sell
12/12/2022,17:50:11,META,250,113.70,Buy
12/12/2022,17:50:11,META,250,113.71,Sell
12/12/2022,17:51:11,GOOG,250,92.37,Buy
12/12/2022,17:51:11,MSFT,250,250.15,Buy
12/12/2022,17:51:11,META,250,113.71,Buy
12/12/2022,17:52:09,AMZN,250,88.87,Buy
12/12/2022,17:52:11,TSLA,250,171.51,Buy
12/12/2022,17:52:11,META,250,113.70,Buy
12/12/2022,17:53:11,GOOG,250,92.43,Sell
12/12/2022,17:53:11,AAPL,250,142.21,Sell
12/12/2022,17:54:11,GOOG,250,92.48,Sell
12/12/2022,17:54:11,AMD,250,69.99,Sell
12/12/2022,17:55:11,GOOG,250,92.44,Buy
12/12/2022,17:55:11,AMZN,250,88.95,Sell
12/12/2022,17:55:11,AMD,250,69.92,Sell
12/12/2022,17:55:11,AAPL,250,142.22,Sell
12/12/2022,17:56:11,AMD,250,69.86,Sell
12/12/2022,17:57:09,AMZN,250,88.96,Buy
12/12/2022,17:57:11,GOOG,250,92.47,Buy
12/12/2022,17:57:11,AMD,250,69.92,Buy
12/12/2022,17:57:11,MSFT,250,250.33,Sell
12/12/2022,17:58:10,MSFT,250,250.20,Buy
12/12/2022,17:58:11,AMD,250,69.89,Buy
12/12/2022,17:59:11,AMD,250,69.91,Buy
12/12/2022,18:00:11,MSFT,250,250.28,Sell
12/12/2022,18:01:11,AAPL,250,142.51,Buy
12/12/2022,18:02:11,TSLA,250,171.55,Sell
12/12/2022,18:02:11,AMZN,250,89.04,Sell
12/12/2022,18:02:11,MSFT,250,250.36,Buy
12/12/2022,18:02:11,AAPL,250,142.38,Buy
12/12/2022,18:04:11,TSLA,250,170.95,Sell
12/12/2022,18:04:11,AAPL,250,142.30,Sell
12/12/2022,18:05:11,META,250,113.57,Sell
12/12/2022,18:06:10,META,250,113.63,Buy
12/12/2022,18:06:10,META,250,113.66,Sell
12/12/2022,18:06:10,GOOG,250,92.41,Sell
12/12/2022,18:06:11,MSFT,250,250.15,Sell
12/12/2022,18:06:11,AAPL,250,142.16,Buy
12/12/2022,18:07:11,TSLA,250,170.76,Buy
12/12/2022,18:07:11,TSLA,250,170.79,Sell
12/12/2022,18:07:11,AMZN,250,88.84,Buy
12/12/2022,18:07:11,AMZN,250,88.85,Sell
12/12/2022,18:07:11,META,250,113.59,Buy
12/12/2022,18:07:11,META,250,113.61,Sell
12/12/2022,18:08:09,META,250,113.55,Buy
12/12/2022,18:08:11,AMZN,250,88.82,Buy
12/12/2022,18:08:11,MSFT,250,250.04,Buy
12/12/2022,18:09:11,TSLA,250,170.68,Buy
12/12/2022,18:09:11,GOOG,250,92.41,Buy
12/12/2022,18:10:11,GOOG,250,92.40,Sell
12/12/2022,18:10:11,TSLA,250,170.62,Buy
12/12/2022,18:12:10,AMD,250,69.70,Sell
12/12/2022,18:12:10,GOOG,250,92.40,Buy
12/12/2022,18:12:10,GOOG,250,92.41,Sell
12/12/2022,18:12:11,AMZN,250,88.87,Sell
12/12/2022,18:13:11,AMD,250,69.70,Sell
12/12/2022,18:13:11,MSFT,250,250.01,Sell
12/12/2022,18:14:11,AMD,250,69.59,Sell
12/12/2022,18:14:11,GOOG,250,92.34,Buy
12/12/2022,18:16:11,AMD,250,69.54,Buy
12/12/2022,18:16:11,AAPL,250,142.13,Sell
12/12/2022,18:17:11,AMD,250,69.59,Buy
12/12/2022,18:17:11,MSFT,250,249.89,Buy
12/12/2022,18:17:11,MSFT,250,249.92,Sell
12/12/2022,18:17:11,AMZN,250,88.82,Buy
12/12/2022,18:17:11,AAPL,250,142.24,Buy
12/12/2022,18:17:11,AAPL,250,142.25,Sell
12/12/2022,18:19:11,MSFT,250,249.94,Buy
12/12/2022,18:20:10,AAPL,250,142.23,Buy
12/12/2022,18:21:10,META,250,113.68,Sell
12/12/2022,18:21:11,AAPL,250,142.30,Sell
12/12/2022,18:21:11,AMD,250,69.56,Buy
12/12/2022,18:22:11,META,250,113.67,Sell
12/12/2022,18:22:11,AMZN,250,88.86,Sell
12/12/2022,18:22:11,TSLA,250,169.98,Sell
12/12/2022,18:23:11,META,250,113.61,Sell
12/12/2022,18:23:11,AAPL,250,142.32,Buy
12/12/2022,18:23:11,MSFT,250,249.98,Sell
12/12/2022,18:23:11,AMZN,250,88.86,Sell
12/12/2022,18:24:10,GOOG,250,92.40,Sell
12/12/2022,18:24:11,META,250,113.63,Buy
12/12/2022,18:24:11,MSFT,250,249.87,Buy
12/12/2022,18:24:11,TSLA,250,169.91,Buy
12/12/2022,18:24:11,TSLA,250,169.92,Sell
12/12/2022,18:25:10,GOOG,250,92.38,Buy
12/12/2022,18:25:11,TSLA,250,169.73,Sell
12/12/2022,18:25:11,META,250,113.60,Buy
12/12/2022,18:26:11,TSLA,250,169.80,Buy
12/12/2022,18:26:11,META,250,113.64,Buy
12/12/2022,18:26:11,AMZN,250,88.99,Buy
12/12/2022,18:27:05,GOOG,250,92.40,Sell
12/12/2022,18:27:11,TSLA,250,169.79,Buy
12/12/2022,18:29:11,GOOG,250,92.47,Buy
12/12/2022,18:29:11,GOOG,250,92.48,Sell
12/12/2022,18:29:11,AMZN,250,89.05,Buy
12/12/2022,18:31:11,AMD,250,69.63,Sell
12/12/2022,18:32:10,GOOG,250,92.50,Buy
12/12/2022,18:32:11,AMD,250,69.61,Buy
12/12/2022,18:32:11,AMD,250,69.63,Sell
12/12/2022,18:32:11,AAPL,250,142.30,Sell
12/12/2022,18:32:11,MSFT,250,250.29,Sell
12/12/2022,18:32:11,AMZN,250,89.00,Sell
12/12/2022,18:33:11,AAPL,250,142.41,Buy
12/12/2022,18:34:11,AMZN,250,89.05,Buy
12/12/2022,18:34:11,AMD,250,69.69,Buy
12/12/2022,18:34:11,MSFT,250,250.34,Sell
12/12/2022,18:35:11,MSFT,250,250.38,Buy
12/12/2022,18:35:11,AAPL,250,142.45,Sell
12/12/2022,18:36:11,AMD,250,69.65,Sell
12/12/2022,18:36:11,MSFT,250,250.47,Buy
12/12/2022,18:38:11,AAPL,250,142.26,Sell
12/12/2022,18:38:11,AMD,250,69.58,Buy
12/12/2022,18:39:11,AAPL,250,142.31,Buy
12/12/2022,18:39:11,MSFT,250,250.37,Sell
12/12/2022,18:39:11,META,250,113.65,Sell
12/12/2022,18:39:11,TSLA,250,169.67,Sell
12/12/2022,18:40:11,META,250,113.66,Buy
12/12/2022,18:40:11,META,250,113.67,Sell
12/12/2022,18:40:11,GOOG,250,92.62,Sell
12/12/2022,18:40:11,MSFT,250,250.29,Buy
12/12/2022,18:41:11,TSLA,250,169.32,Buy
