Date,Time,Symbol,Quantity,Price,Side
01/02/2025,09:01:06,GOOG,250,190.98,Sell
01/02/2025,09:01:09,MSFT,250,424.40,Buy
01/02/2025,09:02:11,MSFT,250,424.40,Buy
01/02/2025,09:03:08,MSFT,250,424.25,Buy
01/02/2025,09:04:10,AAPL,250,251.15,Buy
01/02/2025,09:05:06,AAPL,250,251.14,Buy
01/02/2025,09:05:57,AMZN,250,221.10,Buy
01/02/2025,09:06:07,META,250,591.83,Sell
01/02/2025,09:06:11,AAPL,250,251.45,Buy
01/02/2025,09:07:11,META,250,592.70,Buy
01/02/2025,09:07:11,AMZN,250,221.23,Buy
01/02/2025,09:08:09,AMZN,250,221.37,Buy
01/02/2025,09:08:11,GOOG,250,191.69,Buy
01/02/2025,09:12:06,META,250,593.55,Buy
01/02/2025,09:16:04,GOOG,250,192.17,Buy
01/02/2025,09:16:07,MSFT,250,424.60,Sell
01/02/2025,09:16:07,MSFT,250,424.60,Sell
01/02/2025,09:17:42,MSFT,250,424.60,Sell
01/02/2025,09:19:09,MSFT,250,424.90,Buy
01/02/2025,09:19:10,AAPL,250,251.46,Sell
01/02/2025,09:20:06,AAPL,250,251.78,Buy
01/02/2025,09:20:06,AAPL,250,251.66,Sell
01/02/2025,09:20:25,META,250,594.00,Buy
01/02/2025,09:20:25,META,250,593.41,Sell
01/02/2025,09:21:07,AMZN,250,221.34,Sell
01/02/2025,09:21:11,AAPL,250,251.78,Buy
01/02/2025,09:21:11,AAPL,250,251.55,Sell
01/02/2025,09:22:07,AMZN,250,221.34,Sell
01/02/2025,09:23:07,GOOG,250,192.14,Sell
01/02/2025,09:23:07,AMZN,250,221.34,Sell
01/02/2025,09:23:11,MSFT,250,424.83,Buy
01/02/2025,09:24:06,AAPL,250,251.90,Buy
01/02/2025,09:25:08,META,250,594.00,Buy
01/02/2025,09:26:11,AMZN,250,221.55,Buy
01/02/2025,09:27:02,AMZN,250,221.32,Buy
01/02/2025,09:27:07,META,250,592.76,Sell
01/02/2025,09:27:59,AMZN,250,221.25,Buy
01/02/2025,09:34:04,MSFT,250,424.57,Sell
01/02/2025,09:35:11,AAPL,250,251.60,Sell
01/02/2025,09:36:09,MSFT,250,424.87,Buy
01/02/2025,09:36:11,AAPL,250,251.80,Buy
01/02/2025,09:36:11,AAPL,250,251.61,Sell
01/02/2025,09:36:59,MSFT,250,424.79,Buy
01/02/2025,09:37:06,AAPL,250,251.69,Buy
01/02/2025,09:38:11,MSFT,250,424.24,Sell
01/02/2025,09:39:11,AAPL,250,251.33,Sell
01/02/2025,09:39:38,AMZN,250,221.00,Sell
01/02/2025,09:39:39,MSFT,250,424.51,Buy
01/02/2025,09:40:07,AAPL,250,251.49,Buy
01/02/2025,09:40:11,META,250,593.44,Buy
01/02/2025,09:40:11,META,250,592.53,Sell
01/02/2025,09:42:05,AMZN,250,221.01,Sell
01/02/2025,09:42:47,AMZN,250,221.01,Sell
01/02/2025,09:44:09,AMZN,250,221.25,Buy
01/02/2025,09:51:03,AAPL,250,251.22,Sell
01/02/2025,09:51:09,MSFT,250,424.56,Sell
01/02/2025,09:51:51,META,250,593.00,Buy
01/02/2025,09:52:08,MSFT,250,425.36,Buy
01/02/2025,09:52:08,MSFT,250,425.00,Sell
01/02/2025,09:52:09,AAPL,250,251.21,Sell
01/02/2025,09:52:10,AMZN,250,221.45,Buy
01/02/2025,09:53:01,MSFT,250,425.30,Buy
01/02/2025,09:53:07,AMZN,250,221.45,Buy
01/02/2025,09:55:02,AAPL,250,251.21,Sell
01/02/2025,09:55:04,MSFT,250,425.00,Sell
01/02/2025,09:55:06,META,250,592.52,Sell
01/02/2025,09:56:08,META,250,592.97,Buy
01/02/2025,09:57:47,MSFT,250,425.21,Buy
01/02/2025,09:59:11,AMZN,250,221.25,Sell
01/02/2025,10:01:07,GOOG,250,192.05,Buy
01/02/2025,10:03:51,AAPL,250,251.37,Buy
01/02/2025,10:04:04,AMZN,250,221.82,Buy
01/02/2025,10:06:44,MSFT,250,425.00,Sell
01/02/2025,10:07:11,META,250,591.63,Sell
01/02/2025,10:07:11,AMZN,250,221.34,Sell
01/02/2025,10:08:00,AMZN,250,221.34,Sell
01/02/2025,10:08:02,AAPL,250,251.27,Buy
01/02/2025,10:08:08,MSFT,250,425.11,Buy
01/02/2025,10:08:08,MSFT,250,424.78,Sell
01/02/2025,10:10:06,AMZN,250,221.72,Buy
01/02/2025,10:11:06,META,250,591.30,Sell
01/02/2025,10:11:10,AMZN,250,221.63,Buy
01/02/2025,10:11:44,AAPL,250,250.90,Buy
01/02/2025,10:12:46,MSFT,250,424.67,Sell
01/02/2025,10:14:10,MSFT,250,424.88,Buy
01/02/2025,10:16:11,GOOG,250,191.47,Sell
01/02/2025,10:18:58,AMZN,250,221.28,Sell
01/02/2025,10:19:06,AAPL,250,250.64,Sell
01/02/2025,10:20:10,AMZN,250,221.55,Buy
01/02/2025,10:20:11,AAPL,250,250.72,Buy
01/02/2025,10:23:10,MSFT,250,424.94,Sell
01/02/2025,10:23:11,AAPL,250,250.67,Sell
01/02/2025,10:24:08,AAPL,250,250.91,Buy
01/02/2025,10:25:11,AMZN,250,221.27,Sell
01/02/2025,10:26:11,AMZN,250,221.26,Sell
01/02/2025,10:27:09,AAPL,250,250.73,Sell
01/02/2025,10:28:04,MSFT,250,425.28,Buy
01/02/2025,10:28:11,AMZN,250,221.57,Buy
01/02/2025,10:28:57,MSFT,250,425.28,Buy
01/02/2025,10:28:57,MSFT,250,424.94,Sell
01/02/2025,10:29:05,AAPL,250,250.85,Buy
01/02/2025,10:29:07,AMZN,250,221.55,Buy
01/02/2025,10:31:00,MSFT,250,425.30,Buy
01/02/2025,10:34:35,AAPL,250,250.81,Sell
01/02/2025,10:35:09,AMZN,250,221.41,Sell
01/02/2025,10:35:32,AAPL,250,250.91,Buy
01/02/2025,10:36:11,AMZN,250,221.76,Buy
01/02/2025,10:38:10,GOOG,250,191.75,Buy
01/02/2025,10:38:20,AAPL,250,250.80,Sell
01/02/2025,10:41:10,AAPL,250,250.91,Buy
01/02/2025,10:43:05,AMZN,250,221.49,Sell
01/02/2025,10:43:11,MSFT,250,425.16,Sell
01/02/2025,10:44:08,MSFT,250,425.19,Sell
01/02/2025,10:44:10,AAPL,250,250.80,Sell
01/02/2025,10:44:10,AMZN,250,221.47,Sell
01/02/2025,10:44:59,AAPL,250,250.91,Buy
01/02/2025,10:46:05,MSFT,250,425.21,Sell
01/02/2025,10:47:57,MSFT,250,425.59,Buy
01/02/2025,10:51:11,AMZN,250,221.51,Sell
01/02/2025,10:51:11,AAPL,250,250.64,Sell
01/02/2025,10:52:07,MSFT,250,425.47,Buy
01/02/2025,10:52:11,AAPL,250,250.79,Buy
01/02/2025,10:53:11,MSFT,250,425.39,Buy
01/02/2025,10:53:11,GOOG,250,191.40,Sell
01/02/2025,10:55:08,AMZN,250,221.57,Buy
01/02/2025,10:56:10,AAPL,250,250.50,Sell
01/02/2025,10:56:10,META,250,592.03,Buy
01/02/2025,10:58:46,AAPL,250,250.60,Buy
01/02/2025,11:00:06,AAPL,250,250.50,Sell
01/02/2025,11:00:08,AMZN,250,221.76,Buy
01/02/2025,11:01:11,AAPL,250,250.75,Buy
01/02/2025,11:02:17,MSFT,250,425.26,Sell
01/02/2025,11:05:07,MSFT,250,425.59,Buy
01/02/2025,11:05:24,MSFT,250,425.32,Sell
01/02/2025,11:07:11,AMZN,250,221.67,Buy
01/02/2025,11:07:11,AAPL,250,250.32,Sell
01/02/2025,11:08:00,MSFT,250,425.41,Sell
01/02/2025,11:09:07,AAPL,250,250.49,Buy
01/02/2025,11:10:06,AMZN,250,221.44,Sell
01/02/2025,11:10:57,META,250,591.27,Sell
01/02/2025,11:12:07,AMZN,250,221.42,Buy
01/02/2025,11:14:10,AAPL,250,250.27,Sell
01/02/2025,11:15:11,AMZN,250,221.40,Sell
01/02/2025,11:16:11,MSFT,250,426.56,Buy
01/02/2025,11:16:11,AAPL,250,250.27,Sell
01/02/2025,11:16:55,MSFT,250,426.34,Buy
01/02/2025,11:17:10,AMZN,250,221.78,Buy
01/02/2025,11:20:05,MSFT,250,426.21,Sell
01/02/2025,11:20:10,AAPL,250,250.47,Buy
01/02/2025,11:21:11,AAPL,250,250.47,Buy
01/02/2025,11:22:05,MSFT,250,426.39,Buy
01/02/2025,11:22:08,AMZN,250,221.55,Sell
01/02/2025,11:23:19,META,250,592.03,Buy
01/02/2025,11:24:11,AAPL,250,250.30,Sell
01/02/2025,11:25:00,AAPL,250,250.49,Buy
01/02/2025,11:26:09,AMZN,250,221.83,Buy
01/02/2025,11:27:11,AMZN,250,221.65,Sell
01/02/2025,11:31:09,MSFT,250,425.70,Sell
01/02/2025,11:31:10,AMZN,250,221.88,Buy
01/02/2025,11:32:05,MSFT,250,425.72,Sell
01/02/2025,11:32:08,AMZN,250,221.80,Sell
01/02/2025,11:33:11,AMZN,250,221.87,Buy
01/02/2025,11:34:11,MSFT,250,425.72,Buy
01/02/2025,11:35:07,MSFT,250,426.04,Buy
01/02/2025,11:35:09,AAPL,250,249.89,Sell
01/02/2025,11:36:11,AAPL,250,250.00,Buy
01/02/2025,11:36:11,AAPL,250,249.89,Sell
01/02/2025,11:37:10,AAPL,250,250.02,Buy
01/02/2025,11:37:11,MSFT,250,425.85,Sell
01/02/2025,11:39:09,META,250,591.05,Sell
01/02/2025,11:40:01,AAPL,250,249.88,Sell
01/02/2025,11:41:00,MSFT,250,426.65,Buy
01/02/2025,11:41:06,AMZN,250,221.36,Sell
01/02/2025,11:41:53,META,250,591.85,Buy
01/02/2025,11:42:00,AMZN,250,221.65,Buy
01/02/2025,11:44:00,META,250,592.03,Buy
01/02/2025,11:45:37,AMZN,250,221.97,Sell
01/02/2025,11:48:00,AMZN,250,222.12,Buy
01/02/2025,11:48:00,AMZN,250,221.98,Sell
01/02/2025,11:48:00,META,250,593.00,Buy
01/02/2025,11:49:03,MSFT,250,427.16,Sell
01/02/2025,11:50:05,MSFT,250,427.10,Buy
01/02/2025,11:50:05,MSFT,250,426.73,Sell
01/02/2025,11:51:09,MSFT,250,427.00,Buy
01/02/2025,11:51:10,AMZN,250,222.20,Buy
01/02/2025,11:51:10,AAPL,250,250.04,Sell
01/02/2025,11:52:05,AAPL,250,250.00,Sell
01/02/2025,11:56:09,MSFT,250,426.49,Sell
01/02/2025,11:57:09,META,250,592.95,Sell
01/02/2025,11:57:09,AMZN,250,222.06,Sell
01/02/2025,11:57:11,MSFT,250,427.52,Buy
01/02/2025,11:58:06,AMZN,250,222.45,Buy
01/02/2025,11:59:11,META,250,593.01,Sell
01/02/2025,12:01:11,AAPL,250,250.47,Buy
01/02/2025,12:03:06,AMZN,250,222.60,Sell
01/02/2025,12:03:10,META,250,592.55,Sell
01/02/2025,12:04:09,GOOG,250,192.27,Buy
01/02/2025,12:04:10,AMZN,250,222.60,Buy
01/02/2025,12:05:11,META,250,593.15,Buy
01/02/2025,12:05:11,MSFT,250,427.34,Sell
01/02/2025,12:06:07,AAPL,250,250.50,Buy
01/02/2025,12:06:09,MSFT,250,427.90,Buy
01/02/2025,12:06:09,MSFT,250,427.62,Sell
01/02/2025,12:06:10,AMZN,250,222.65,Sell
01/02/2025,12:07:03,AAPL,250,250.45,Buy
01/02/2025,12:07:11,AMZN,250,223.09,Buy
01/02/2025,12:07:11,MSFT,250,428.00,Buy
01/02/2025,12:08:58,META,250,593.20,Buy
01/02/2025,12:10:11,META,250,593.55,Buy
01/02/2025,12:12:11,MSFT,250,427.29,Sell
01/02/2025,12:13:03,AMZN,250,222.65,Sell
01/02/2025,12:13:56,AMZN,250,222.96,Buy
01/02/2025,12:14:08,MSFT,250,427.78,Buy
01/02/2025,12:16:10,AAPL,250,250.50,Sell
01/02/2025,12:19:11,AMZN,250,222.66,Sell
01/02/2025,12:19:11,GOOG,250,192.36,Sell
01/02/2025,12:20:07,META,250,593.01,Sell
01/02/2025,12:20:11,AMZN,250,222.94,Buy
01/02/2025,12:20:34,AAPL,250,250.53,Sell
01/02/2025,12:21:04,GOOG,250,192.60,Buy
01/02/2025,12:21:09,MSFT,250,427.31,Sell
01/02/2025,12:22:02,AAPL,250,250.53,Sell
01/02/2025,12:22:03,MSFT,250,427.78,Buy
01/02/2025,12:22:03,MSFT,250,427.41,Sell
01/02/2025,12:22:06,AMZN,250,222.80,Sell
01/02/2025,12:23:07,AMZN,250,222.94,Buy
01/02/2025,12:23:07,META,250,593.80,Buy
01/02/2025,12:24:05,META,250,593.25,Sell
01/02/2025,12:25:10,MSFT,250,427.78,Buy
01/02/2025,12:25:10,META,250,593.79,Buy
01/02/2025,12:25:10,META,250,593.25,Sell
01/02/2025,12:27:11,META,250,593.35,Buy
01/02/2025,12:29:10,MSFT,250,427.61,Sell
01/02/2025,12:29:11,AMZN,250,222.56,Sell
01/02/2025,12:31:00,MSFT,250,427.71,Buy
01/02/2025,12:34:11,AAPL,250,250.85,Buy
01/02/2025,12:34:47,AMZN,250,222.64,Buy
01/02/2025,12:34:47,AMZN,250,222.60,Sell
01/02/2025,12:36:11,GOOG,250,192.35,Sell
01/02/2025,12:37:08,MSFT,250,427.37,Sell
01/02/2025,12:37:51,AMZN,250,222.73,Sell
01/02/2025,12:38:05,META,250,592.84,Sell
01/02/2025,12:38:11,MSFT,250,427.46,Buy
01/02/2025,12:38:55,META,250,593.47,Buy
01/02/2025,12:40:09,MSFT,250,427.20,Sell
01/02/2025,12:40:10,META,250,593.00,Sell
01/02/2025,12:41:08,MSFT,250,427.39,Buy
01/02/2025,12:41:37,META,250,593.47,Buy
01/02/2025,12:41:37,META,250,593.00,Sell
01/02/2025,12:45:40,META,250,593.44,Buy
01/02/2025,12:46:11,MSFT,250,426.60,Sell
01/02/2025,12:47:02,MSFT,250,426.95,Buy
01/02/2025,12:48:00,AAPL,250,250.63,Buy
01/02/2025,12:49:03,AAPL,250,250.55,Sell
01/02/2025,12:50:11,AMZN,250,222.33,Sell
01/02/2025,12:53:04,MSFT,250,426.16,Sell
01/02/2025,12:54:11,META,250,591.73,Sell
01/02/2025,12:56:08,MSFT,250,426.20,Sell
01/02/2025,12:56:54,META,250,592.00,Sell
01/02/2025,13:00:37,META,250,592.15,Sell
01/02/2025,13:00:52,MSFT,250,426.70,Buy
01/02/2025,13:02:11,MSFT,250,426.20,Sell
01/02/2025,13:03:10,AAPL,250,250.45,Sell
01/02/2025,13:03:11,MSFT,250,426.69,Buy
01/02/2025,13:03:56,MSFT,250,426.70,Buy
01/02/2025,13:04:01,META,250,592.70,Buy
01/02/2025,13:04:09,AAPL,250,250.66,Buy
01/02/2025,13:04:13,META,250,592.50,Buy
01/02/2025,13:05:06,AAPL,250,250.69,Buy
01/02/2025,13:06:01,AAPL,250,250.69,Buy
01/02/2025,13:16:11,MSFT,250,426.40,Sell
01/02/2025,13:16:50,MSFT,250,426.58,Buy
01/02/2025,13:18:11,MSFT,250,425.85,Sell
01/02/2025,13:18:26,MSFT,250,426.30,Buy
01/02/2025,13:18:26,MSFT,250,425.93,Sell
01/02/2025,13:19:08,AAPL,250,250.60,Sell
01/02/2025,13:19:09,META,250,592.50,Sell
01/02/2025,13:20:09,MSFT,250,426.40,Buy
01/02/2025,13:20:09,AAPL,250,250.64,Buy
01/02/2025,13:20:09,AAPL,250,250.60,Sell
01/02/2025,13:20:10,META,250,592.15,Sell
01/02/2025,13:21:08,META,250,592.84,Buy
01/02/2025,13:21:10,AAPL,250,250.60,Sell
01/02/2025,13:22:08,AAPL,250,250.65,Buy
01/02/2025,13:23:07,META,250,592.48,Buy
01/02/2025,13:26:11,META,250,592.50,Buy
01/02/2025,13:32:09,MSFT,250,425.71,Sell
01/02/2025,13:33:11,MSFT,250,426.69,Buy
01/02/2025,13:34:10,MSFT,250,426.50,Sell
01/02/2025,13:35:07,MSFT,250,426.70,Buy
01/02/2025,13:35:07,MSFT,250,426.37,Sell
01/02/2025,13:35:09,AAPL,250,250.50,Sell
01/02/2025,13:36:08,META,250,592.00,Sell
01/02/2025,13:36:11,MSFT,250,426.50,Buy
01/02/2025,13:37:08,AAPL,250,250.35,Sell
01/02/2025,13:37:10,GOOG,250,192.30,Buy
01/02/2025,13:38:10,META,250,592.40,Sell
01/02/2025,13:41:11,META,250,592.87,Sell
01/02/2025,13:44:06,META,250,593.39,Buy
01/02/2025,13:48:06,MSFT,250,426.17,Sell
01/02/2025,13:50:11,MSFT,250,426.00,Sell
01/02/2025,13:51:03,MSFT,250,426.22,Buy
01/02/2025,13:51:03,MSFT,250,425.62,Sell
01/02/2025,13:51:10,META,250,593.32,Buy
01/02/2025,13:52:11,GOOG,250,191.69,Sell
01/02/2025,13:53:07,MSFT,250,426.21,Buy
01/02/2025,13:54:06,MSFT,250,426.10,Buy
01/02/2025,13:54:11,META,250,593.20,Buy
01/02/2025,13:59:11,META,250,592.78,Sell
01/02/2025,14:00:10,META,250,593.38,Buy
01/02/2025,14:05:56,META,250,592.76,Sell
01/02/2025,14:06:11,MSFT,250,425.63,Sell
01/02/2025,14:07:07,MSFT,250,425.95,Buy
01/02/2025,14:08:10,MSFT,250,425.69,Sell
01/02/2025,14:09:10,MSFT,250,425.95,Buy
01/02/2025,14:09:10,MSFT,250,425.63,Sell
01/02/2025,14:09:10,META,250,593.42,Buy
01/02/2025,14:09:10,META,250,592.94,Sell
01/02/2025,14:09:24,META,250,593.43,Buy
01/02/2025,14:10:08,MSFT,250,425.95,Buy
01/02/2025,14:15:00,META,250,593.00,Sell
01/02/2025,14:15:11,AMZN,250,222.33,Buy
01/02/2025,14:16:30,META,250,593.47,Buy
01/02/2025,14:22:10,MSFT,250,425.75,Sell
01/02/2025,14:24:07,MSFT,250,426.49,Buy
01/02/2025,14:24:07,MSFT,250,425.85,Sell
01/02/2025,14:24:11,META,250,593.32,Sell
01/02/2025,14:25:10,META,250,593.49,Buy
01/02/2025,14:25:10,META,250,593.02,Sell
01/02/2025,14:25:11,MSFT,250,426.30,Buy
01/02/2025,14:25:11,MSFT,250,425.02,Sell
01/02/2025,14:26:11,MSFT,250,426.00,Buy
01/02/2025,14:29:11,GOOG,250,191.51,Buy
01/02/2025,14:30:11,GOOG,250,191.37,Buy
01/02/2025,14:30:11,AMZN,250,222.53,Sell
01/02/2025,14:31:11,AAPL,250,249.06,Buy
01/02/2025,14:31:11,GOOG,250,191.94,Buy
01/02/2025,14:32:11,AAPL,250,248.20,Buy
01/02/2025,14:32:11,META,250,592.78,Sell
01/02/2025,14:34:11,AAPL,250,246.81,Buy
01/02/2025,14:39:11,MSFT,250,423.66,Sell
01/02/2025,14:39:11,AMZN,250,220.93,Buy
01/02/2025,14:40:10,META,250,588.59,Sell
01/02/2025,14:40:11,MSFT,250,423.34,Buy
01/02/2025,14:40:11,MSFT,250,423.18,Sell
01/02/2025,14:40:11,AMZN,250,220.90,Buy
01/02/2025,14:41:11,MSFT,250,423.15,Buy
01/02/2025,14:41:11,MSFT,250,423.00,Sell
01/02/2025,14:41:11,AMZN,250,221.18,Buy
01/02/2025,14:42:11,META,250,588.83,Sell
01/02/2025,14:42:11,MSFT,250,423.30,Buy
01/02/2025,14:44:11,GOOG,250,190.26,Sell
01/02/2025,14:45:11,META,250,590.52,Sell
01/02/2025,14:45:11,GOOG,250,190.47,Buy
01/02/2025,14:45:11,GOOG,250,190.37,Sell
01/02/2025,14:46:11,GOOG,250,190.70,Buy
01/02/2025,14:46:11,GOOG,250,190.66,Sell
01/02/2025,14:46:11,META,250,591.15,Sell
01/02/2025,14:46:11,AAPL,250,245.17,Sell
01/02/2025,14:47:11,AAPL,250,245.04,Buy
01/02/2025,14:47:11,AAPL,250,245.01,Sell
01/02/2025,14:48:11,AAPL,250,245.14,Buy
01/02/2025,14:49:11,GOOG,250,190.98,Buy
01/02/2025,14:49:11,AAPL,250,245.53,Sell
01/02/2025,14:50:11,AAPL,250,245.94,Buy
01/02/2025,14:54:11,AMZN,250,222.97,Sell
01/02/2025,14:55:11,MSFT,250,424.78,Sell
01/02/2025,14:55:11,AMZN,250,223.34,Sell
01/02/2025,14:56:11,MSFT,250,425.10,Buy
01/02/2025,14:56:11,MSFT,250,424.87,Sell
01/02/2025,14:56:11,AMZN,250,223.73,Sell
01/02/2025,14:57:11,MSFT,250,425.46,Buy
01/02/2025,14:57:11,MSFT,250,425.34,Sell
01/02/2025,14:57:11,META,250,597.45,Buy
01/02/2025,14:58:11,META,250,597.33,Buy
01/02/2025,15:00:11,META,250,598.82,Buy
01/02/2025,15:00:11,GOOG,250,192.42,Sell
01/02/2025,15:01:11,META,250,599.03,Buy
01/02/2025,15:01:11,GOOG,250,192.45,Sell
01/02/2025,15:02:11,AAPL,250,246.41,Sell
01/02/2025,15:03:11,AAPL,250,246.80,Buy
01/02/2025,15:03:11,AAPL,250,246.76,Sell
01/02/2025,15:04:11,AAPL,250,246.80,Buy
01/02/2025,15:04:11,GOOG,250,192.58,Sell
01/02/2025,15:05:11,AAPL,250,247.10,Sell
01/02/2025,15:06:11,AAPL,250,247.36,Buy
01/02/2025,15:11:11,MSFT,250,425.53,Sell
01/02/2025,15:12:11,MSFT,250,425.44,Sell
01/02/2025,15:13:11,META,250,603.54,Sell
01/02/2025,15:17:11,META,250,603.70,Buy
01/02/2025,15:18:11,AAPL,250,247.04,Sell
01/02/2025,15:19:11,AAPL,250,246.79,Sell
01/02/2025,15:21:11,AAPL,250,246.24,Sell
01/02/2025,15:23:11,AAPL,250,245.47,Buy
01/02/2025,15:24:11,MSFT,250,422.98,Buy
01/02/2025,15:24:11,META,250,598.71,Buy
01/02/2025,15:24:11,AAPL,250,245.62,Buy
01/02/2025,15:24:11,AMZN,250,222.82,Buy
01/02/2025,15:25:11,MSFT,250,422.84,Buy
01/02/2025,15:25:11,AMZN,250,222.89,Buy
01/02/2025,15:26:11,MSFT,250,422.93,Buy
01/02/2025,15:26:11,GOOG,250,191.62,Buy
01/02/2025,15:26:11,AAPL,250,245.57,Buy
01/02/2025,15:26:11,AMZN,250,223.04,Buy
01/02/2025,15:27:11,GOOG,250,191.68,Buy
01/02/2025,15:29:11,GOOG,250,191.50,Buy
01/02/2025,15:32:10,META,250,597.37,Sell
01/02/2025,15:38:11,AAPL,250,245.21,Sell
01/02/2025,15:39:11,AAPL,250,245.30,Buy
01/02/2025,15:39:11,AAPL,250,245.29,Sell
01/02/2025,15:39:11,MSFT,250,421.52,Sell
01/02/2025,15:39:11,META,250,599.24,Sell
01/02/2025,15:39:11,AMZN,250,222.35,Sell
01/02/2025,15:40:10,AAPL,250,245.18,Buy
01/02/2025,15:40:11,MSFT,250,421.50,Buy
01/02/2025,15:40:11,MSFT,250,421.37,Sell
01/02/2025,15:40:11,AMZN,250,222.49,Sell
01/02/2025,15:41:11,MSFT,250,421.79,Buy
01/02/2025,15:41:11,MSFT,250,421.56,Sell
01/02/2025,15:41:11,AMZN,250,222.58,Buy
01/02/2025,15:41:11,AMZN,250,222.53,Sell
01/02/2025,15:41:11,GOOG,250,190.99,Sell
01/02/2025,15:41:11,AAPL,250,245.30,Sell
01/02/2025,15:42:11,AMZN,250,221.87,Buy
01/02/2025,15:42:11,MSFT,250,420.78,Buy
01/02/2025,15:42:11,GOOG,250,190.69,Buy
01/02/2025,15:42:11,GOOG,250,190.65,Sell
01/02/2025,15:43:11,AAPL,250,245.04,Buy
01/02/2025,15:43:11,GOOG,250,190.98,Buy
01/02/2025,15:44:11,GOOG,250,190.90,Sell
01/02/2025,15:44:11,AMZN,250,222.07,Buy
01/02/2025,15:45:11,GOOG,250,190.94,Buy
01/02/2025,15:54:11,AAPL,250,245.44,Sell
01/02/2025,15:55:11,AAPL,250,245.70,Buy
01/02/2025,15:55:11,AAPL,250,245.65,Sell
01/02/2025,15:55:11,MSFT,250,422.50,Sell
01/02/2025,15:56:11,MSFT,250,422.51,Sell
01/02/2025,15:56:11,AAPL,250,245.65,Buy
01/02/2025,15:56:11,AMZN,250,223.22,Sell
01/02/2025,15:57:11,MSFT,250,422.46,Sell
01/02/2025,15:57:11,GOOG,250,191.47,Sell
01/02/2025,15:57:11,AMZN,250,223.04,Sell
01/02/2025,15:58:11,AAPL,250,245.63,Sell
01/02/2025,15:58:11,GOOG,250,191.50,Buy
01/02/2025,15:58:11,GOOG,250,191.47,Sell
01/02/2025,15:59:11,AAPL,250,245.33,Buy
01/02/2025,15:59:11,AMZN,250,222.62,Sell
01/02/2025,16:00:11,GOOG,250,191.28,Sell
01/02/2025,16:01:11,GOOG,250,191.25,Buy
01/02/2025,16:02:11,GOOG,250,191.36,Buy
01/02/2025,16:08:11,MSFT,250,420.82,Buy
01/02/2025,16:09:11,MSFT,250,420.69,Buy
01/02/2025,16:10:11,AAPL,250,244.41,Sell
01/02/2025,16:11:11,AAPL,250,244.22,Buy
01/02/2025,16:11:11,AAPL,250,244.20,Sell
01/02/2025,16:12:11,AAPL,250,244.47,Buy
01/02/2025,16:13:11,GOOG,250,190.91,Sell
01/02/2025,16:13:11,AMZN,250,222.10,Buy
01/02/2025,16:14:11,AAPL,250,244.30,Sell
01/02/2025,16:14:11,GOOG,250,191.23,Buy
01/02/2025,16:15:11,AMZN,250,222.56,Buy
01/02/2025,16:15:11,AAPL,250,244.37,Buy
01/02/2025,16:16:11,MSFT,250,421.12,Buy
01/02/2025,16:16:11,GOOG,250,191.05,Sell
01/02/2025,16:17:11,GOOG,250,191.36,Sell
01/02/2025,16:17:11,AMZN,250,222.67,Buy
01/02/2025,16:20:11,GOOG,250,191.49,Buy
01/02/2025,16:22:09,META,250,596.96,Buy
01/02/2025,16:23:11,MSFT,250,420.76,Sell
01/02/2025,16:24:11,MSFT,250,421.60,Sell
01/02/2025,16:26:11,AAPL,250,244.66,Sell
01/02/2025,16:27:11,AAPL,250,244.91,Buy
01/02/2025,16:27:11,AAPL,250,244.88,Sell
01/02/2025,16:28:11,MSFT,250,421.60,Buy
01/02/2025,16:28:11,AMZN,250,223.05,Sell
01/02/2025,16:29:11,AMZN,250,223.06,Buy
01/02/2025,16:29:11,AAPL,250,244.93,Buy
01/02/2025,16:29:11,GOOG,250,191.48,Sell
01/02/2025,16:30:11,AAPL,250,244.79,Sell
01/02/2025,16:30:11,AMZN,250,222.85,Sell
01/02/2025,16:31:11,MSFT,250,421.30,Sell
01/02/2025,16:32:11,AMZN,250,223.06,Sell
01/02/2025,16:32:11,GOOG,250,191.54,Buy
01/02/2025,16:35:11,GOOG,250,191.65,Sell
01/02/2025,16:36:11,GOOG,250,191.77,Buy
01/02/2025,16:37:11,META,250,598.50,Sell
01/02/2025,16:39:11,GOOG,250,191.58,Buy
01/02/2025,16:42:11,AAPL,250,244.91,Sell
01/02/2025,16:43:11,MSFT,250,421.53,Sell
01/02/2025,16:44:11,AMZN,250,223.41,Sell
01/02/2025,16:44:11,AAPL,250,244.78,Sell
01/02/2025,16:47:11,GOOG,250,191.61,Sell
01/02/2025,16:50:11,GOOG,250,191.86,Buy
01/02/2025,16:51:11,GOOG,250,191.92,Sell
01/02/2025,16:53:11,GOOG,250,191.59,Buy
01/02/2025,16:54:11,GOOG,250,191.61,Sell
01/02/2025,16:55:11,AAPL,250,244.65,Buy
01/02/2025,16:59:11,GOOG,250,191.54,Buy
01/02/2025,16:59:11,AAPL,250,244.62,Buy
01/02/2025,17:00:11,AAPL,250,244.63,Buy
01/02/2025,17:04:11,AMZN,250,223.16,Buy
01/02/2025,17:05:11,AMZN,250,223.26,Buy
01/02/2025,17:05:11,GOOG,250,191.55,Sell
01/02/2025,17:07:11,AMZN,250,223.09,Buy
01/02/2025,17:08:11,GOOG,250,191.26,Sell
01/02/2025,17:10:11,AAPL,250,244.77,Sell
01/02/2025,17:11:11,GOOG,250,191.51,Buy
01/02/2025,17:12:11,AAPL,250,244.85,Buy
01/02/2025,17:13:11,GOOG,250,191.62,Buy
01/02/2025,17:14:11,AAPL,250,245.19,Sell
01/02/2025,17:14:11,GOOG,250,191.79,Sell
01/02/2025,17:15:11,AAPL,250,245.05,Sell
01/02/2025,17:18:11,GOOG,250,191.37,Buy
01/02/2025,17:19:11,AMZN,250,222.70,Sell
01/02/2025,17:20:11,AMZN,250,222.68,Sell
01/02/2025,17:22:11,AMZN,250,222.59,Sell
01/02/2025,17:23:11,MSFT,250,420.13,Buy
01/02/2025,17:23:11,AAPL,250,244.39,Buy
01/02/2025,17:24:11,AAPL,250,244.16,Buy
01/02/2025,17:25:09,META,250,598.13,Buy
01/02/2025,17:25:11,MSFT,250,419.57,Buy
01/02/2025,17:26:11,GOOG,250,190.60,Sell
01/02/2025,17:26:11,MSFT,250,419.51,Buy
01/02/2025,17:27:11,GOOG,250,190.29,Buy
01/02/2025,17:27:11,AAPL,250,243.70,Sell
01/02/2025,17:28:11,AAPL,250,243.49,Buy
01/02/2025,17:28:11,GOOG,250,189.78,Sell
01/02/2025,17:28:11,AMZN,250,221.28,Buy
01/02/2025,17:29:11,GOOG,250,189.54,Buy
01/02/2025,17:30:11,AMZN,250,220.63,Buy
01/02/2025,17:33:11,GOOG,250,189.44,Sell
01/02/2025,17:34:11,GOOG,250,189.43,Buy
01/02/2025,17:38:11,MSFT,250,416.52,Sell
01/02/2025,17:38:11,AAPL,250,242.70,Sell
01/02/2025,17:39:11,AAPL,250,242.69,Buy
01/02/2025,17:39:11,AAPL,250,242.65,Sell
01/02/2025,17:39:11,MSFT,250,416.63,Buy
01/02/2025,17:40:11,MSFT,250,416.24,Sell
01/02/2025,17:40:11,META,250,591.42,Sell
01/02/2025,17:40:11,AAPL,250,242.59,Buy
01/02/2025,17:41:10,MSFT,250,416.49,Buy
01/02/2025,17:41:10,MSFT,250,416.33,Sell
01/02/2025,17:42:11,GOOG,250,189.16,Sell
01/02/2025,17:42:11,MSFT,250,416.30,Buy
01/02/2025,17:43:11,AAPL,250,242.61,Sell
01/02/2025,17:43:11,GOOG,250,189.09,Buy
01/02/2025,17:43:11,AMZN,250,219.13,Sell
01/02/2025,17:44:11,AMZN,250,219.39,Buy
01/02/2025,17:44:11,AAPL,250,242.74,Buy
01/02/2025,17:44:11,GOOG,250,189.27,Sell
01/02/2025,17:45:11,GOOG,250,189.22,Buy
01/02/2025,17:45:11,AMZN,250,219.10,Buy
01/02/2025,17:45:11,AMZN,250,219.05,Sell
01/02/2025,17:47:11,AMZN,250,218.97,Buy
01/02/2025,17:49:11,GOOG,250,189.20,Sell
01/02/2025,17:50:11,GOOG,250,189.02,Buy
01/02/2025,17:54:11,MSFT,250,415.98,Sell
01/02/2025,17:54:11,AAPL,250,242.80,Sell
01/02/2025,17:55:11,MSFT,250,416.00,Buy
01/02/2025,17:55:11,AAPL,250,242.87,Buy
01/02/2025,17:55:11,AAPL,250,242.86,Sell
01/02/2025,17:56:10,MSFT,250,415.61,Sell
01/02/2025,17:56:11,AAPL,250,242.76,Buy
01/02/2025,17:57:11,MSFT,250,416.15,Buy
01/02/2025,17:57:11,MSFT,250,416.03,Sell
01/02/2025,17:58:10,MSFT,250,416.17,Buy
01/02/2025,17:58:11,GOOG,250,189.75,Sell
01/02/2025,17:59:11,AAPL,250,242.97,Sell
01/02/2025,17:59:11,GOOG,250,189.83,Buy
01/02/2025,17:59:11,AMZN,250,219.50,Sell
01/02/2025,18:00:11,AMZN,250,219.28,Buy
01/02/2025,18:00:11,AMZN,250,219.24,Sell
01/02/2025,18:00:11,GOOG,250,189.76,Sell
01/02/2025,18:00:11,AAPL,250,242.96,Buy
01/02/2025,18:01:11,AMZN,250,218.95,Buy
01/02/2025,18:02:11,AMZN,250,218.95,Sell
01/02/2025,18:02:11,GOOG,250,189.58,Buy
01/02/2025,18:03:11,AMZN,250,219.10,Buy
01/02/2025,18:05:11,GOOG,250,189.54,Sell
01/02/2025,18:10:10,MSFT,250,416.11,Sell
01/02/2025,18:10:11,AAPL,250,242.96,Sell
01/02/2025,18:11:11,AAPL,250,242.89,Buy
01/02/2025,18:11:11,AAPL,250,242.84,Sell
01/02/2025,18:12:11,MSFT,250,415.50,Sell
01/02/2025,18:12:11,AAPL,250,242.73,Buy
01/02/2025,18:13:11,MSFT,250,415.36,Sell
01/02/2025,18:14:11,GOOG,250,189.85,Buy
01/02/2025,18:14:11,GOOG,250,189.83,Sell
01/02/2025,18:15:11,AMZN,250,219.04,Sell
01/02/2025,18:15:11,AAPL,250,242.52,Sell
01/02/2025,18:16:11,AAPL,250,242.47,Buy
01/02/2025,18:16:11,AMZN,250,218.75,Sell
01/02/2025,18:17:11,AMZN,250,219.05,Buy
01/02/2025,18:17:11,GOOG,250,189.68,Sell
01/02/2025,18:18:11,AMZN,250,218.90,Sell
01/02/2025,18:20:11,AMZN,250,219.39,Buy
01/02/2025,18:20:11,GOOG,250,190.00,Buy
01/02/2025,18:21:11,AMZN,250,219.38,Buy
01/02/2025,18:24:11,GOOG,250,189.99,Buy
01/02/2025,18:26:11,AAPL,250,242.58,Sell
01/02/2025,18:27:11,AAPL,250,242.62,Buy
01/02/2025,18:27:11,AAPL,250,242.59,Sell
01/02/2025,18:28:11,AAPL,250,242.64,Buy
01/02/2025,18:29:11,GOOG,250,189.87,Sell
01/02/2025,18:31:11,AAPL,250,242.47,Sell
01/02/2025,18:32:11,GOOG,250,189.42,Buy
01/02/2025,18:32:11,AAPL,250,242.34,Buy
01/02/2025,18:32:11,AMZN,250,218.73,Sell
01/02/2025,18:33:11,AMZN,250,218.73,Buy
01/02/2025,18:35:11,GOOG,250,189.51,Sell
01/02/2025,18:35:11,AMZN,250,218.62,Sell
01/02/2025,18:36:11,AMZN,250,218.87,Buy
01/02/2025,18:36:11,AMZN,250,218.83,Sell
01/02/2025,18:38:11,AMZN,250,219.22,Buy
01/02/2025,18:39:11,GOOG,250,189.66,Buy
01/02/2025,18:39:11,GOOG,250,189.63,Sell
01/02/2025,18:42:11,AAPL,250,242.32,Sell
01/02/2025,18:43:11,AAPL,250,242.37,Sell
01/02/2025,18:44:11,AAPL,250,242.59,Buy
01/02/2025,18:46:11,GOOG,250,189.87,Buy
01/02/2025,18:46:11,AAPL,250,242.62,Buy
01/02/2025,18:47:11,GOOG,250,189.83,Sell
01/02/2025,18:47:11,AAPL,250,242.50,Sell
01/02/2025,18:48:11,AMZN,250,219.16,Sell
01/02/2025,18:49:11,AAPL,250,242.29,Buy
01/02/2025,18:49:11,AMZN,250,218.78,Buy
01/02/2025,18:51:11,AMZN,250,218.86,Sell
01/02/2025,18:53:11,AMZN,250,218.84,Sell
01/02/2025,18:54:11,GOOG,250,189.48,Sell
01/02/2025,18:56:11,AMZN,250,219.10,Buy
01/02/2025,18:57:11,AMZN,250,218.98,Buy
01/02/2025,18:59:11,GOOG,250,190.13,Buy
01/02/2025,18:59:11,AAPL,250,242.27,Sell
01/02/2025,19:00:11,AAPL,250,242.25,Buy
01/02/2025,19:01:11,AAPL,250,242.14,Sell
01/02/2025,19:01:11,GOOG,250,190.00,Sell
01/02/2025,19:02:11,GOOG,250,189.96,Buy
01/02/2025,19:03:11,AAPL,250,242.22,Buy
01/02/2025,19:04:11,AAPL,250,242.22,Sell
01/02/2025,19:04:11,AMZN,250,219.45,Sell
01/02/2025,19:05:11,GOOG,250,190.36,Buy
01/02/2025,19:05:11,AMZN,250,219.67,Buy
01/02/2025,19:06:11,AAPL,250,242.50,Buy
01/02/2025,19:11:11,AMZN,250,219.49,Sell
01/02/2025,19:12:11,AMZN,250,219.56,Sell
01/02/2025,19:14:11,GOOG,250,190.12,Sell
01/02/2025,19:15:10,AAPL,250,242.25,Sell
01/02/2025,19:16:11,GOOG,250,190.09,Buy
01/02/2025,19:17:11,GOOG,250,190.10,Sell
01/02/2025,19:18:11,AAPL,250,242.23,Sell
01/02/2025,19:20:11,AMZN,250,219.61,Buy
01/02/2025,19:20:11,AMZN,250,219.58,Sell
01/02/2025,19:20:11,GOOG,250,190.24,Buy
01/02/2025,19:20:11,GOOG,250,190.22,Sell
01/02/2025,19:21:11,AAPL,250,242.27,Sell
01/02/2025,19:22:11,AMZN,250,219.71,Buy
01/02/2025,19:23:11,META,250,595.85,Buy
01/02/2025,19:23:11,AMZN,250,219.82,Buy
01/02/2025,19:26:11,META,250,595.74,Buy
01/02/2025,19:31:11,GOOG,250,190.33,Buy
01/02/2025,19:31:11,GOOG,250,190.31,Sell
01/02/2025,19:31:11,META,250,595.95,Buy
01/02/2025,19:33:11,GOOG,250,190.34,Buy
01/02/2025,19:35:11,AMZN,250,219.65,Sell
01/02/2025,19:35:11,GOOG,250,190.23,Sell
01/02/2025,19:37:11,AMZN,250,219.49,Buy
01/02/2025,19:37:11,AMZN,250,219.44,Sell
01/02/2025,19:38:11,META,250,595.05,Sell
01/02/2025,19:38:11,AMZN,250,219.68,Sell
01/02/2025,19:40:11,META,250,595.08,Buy
01/02/2025,19:40:11,AMZN,250,219.64,Buy
01/02/2025,19:41:11,META,250,595.07,Sell
01/02/2025,19:41:11,AMZN,250,219.77,Buy
01/02/2025,19:42:11,META,250,595.45,Buy
01/02/2025,19:46:09,META,250,594.85,Sell
01/02/2025,19:46:11,GOOG,250,190.10,Sell
01/02/2025,19:47:11,META,250,595.50,Buy
01/02/2025,19:47:11,AAPL,250,242.40,Buy
01/02/2025,19:48:11,GOOG,250,190.22,Sell
01/02/2025,19:49:11,AAPL,250,242.50,Buy
01/02/2025,19:50:11,AAPL,250,242.41,Buy
01/02/2025,19:52:11,AMZN,250,220.21,Sell
01/02/2025,19:52:11,GOOG,250,190.42,Buy
01/02/2025,19:54:11,GOOG,250,190.43,Buy
01/02/2025,19:55:11,META,250,595.53,Sell
01/02/2025,19:55:11,GOOG,250,190.46,Buy
01/02/2025,19:55:11,AMZN,250,220.24,Sell
01/02/2025,19:56:10,AMZN,250,220.03,Sell
01/02/2025,19:57:11,META,250,594.96,Buy
01/02/2025,19:57:11,META,250,594.76,Sell
01/02/2025,20:00:11,META,250,594.37,Buy
01/02/2025,20:02:11,META,250,594.39,Sell
01/02/2025,20:02:11,AAPL,250,242.11,Sell
01/02/2025,20:03:11,AAPL,250,242.32,Buy
01/02/2025,20:03:11,META,250,595.56,Buy
01/02/2025,20:04:11,AAPL,250,242.34,Sell
01/02/2025,20:05:11,AAPL,250,242.51,Buy
01/02/2025,20:05:11,AAPL,250,242.47,Sell
01/02/2025,20:07:11,GOOG,250,190.30,Sell
01/02/2025,20:09:11,GOOG,250,190.44,Buy
01/02/2025,20:09:11,GOOG,250,190.41,Sell
01/02/2025,20:10:11,GOOG,250,190.38,Sell
01/02/2025,20:12:11,META,250,596.40,Sell
01/02/2025,20:12:11,AMZN,250,220.47,Buy
01/02/2025,20:13:11,AAPL,250,243.33,Buy
01/02/2025,20:14:11,META,250,597.11,Buy
01/02/2025,20:15:11,META,250,596.55,Sell
01/02/2025,20:15:11,GOOG,250,190.54,Buy
01/02/2025,20:16:11,GOOG,250,190.49,Buy
01/02/2025,20:18:10,META,250,596.41,Sell
01/02/2025,20:18:11,AAPL,250,243.36,Sell
01/02/2025,20:20:11,AAPL,250,243.37,Sell
01/02/2025,20:21:11,META,250,596.48,Buy
01/02/2025,20:24:11,GOOG,250,190.49,Sell
01/02/2025,20:27:10,META,250,596.53,Buy
01/02/2025,20:27:11,AMZN,250,220.21,Sell
01/02/2025,20:28:11,AAPL,250,243.15,Sell
01/02/2025,20:29:11,META,250,596.54,Sell
01/02/2025,20:29:11,GOOG,250,190.43,Buy
01/02/2025,20:30:11,GOOG,250,190.44,Sell
01/02/2025,20:31:11,GOOG,250,190.46,Sell
01/02/2025,20:34:11,META,250,597.16,Buy
01/02/2025,20:35:11,AAPL,250,243.31,Buy
01/02/2025,20:36:11,META,250,596.15,Sell
01/02/2025,20:36:11,GOOG,250,190.52,Buy
01/02/2025,20:36:11,AAPL,250,243.27,Buy
01/02/2025,20:36:11,AMZN,250,220.16,Buy
01/02/2025,20:37:11,AMZN,250,220.13,Buy
01/02/2025,20:37:11,META,250,596.43,Buy
01/02/2025,20:38:11,AMZN,250,220.12,Buy
01/02/2025,20:39:11,GOOG,250,190.52,Buy
01/02/2025,20:42:11,META,250,596.22,Sell
01/02/2025,20:42:11,AAPL,250,243.43,Buy
01/02/2025,20:44:10,META,250,596.96,Buy
01/02/2025,20:44:11,GOOG,250,190.50,Sell
01/02/2025,20:46:11,GOOG,250,190.55,Buy
01/02/2025,20:49:11,META,250,597.53,Sell
01/02/2025,20:50:11,AAPL,250,243.66,Sell
01/02/2025,20:51:11,GOOG,250,190.55,Sell
01/02/2025,20:51:11,AMZN,250,220.19,Sell
01/02/2025,20:51:11,AAPL,250,243.60,Sell
01/02/2025,20:52:11,META,250,597.76,Buy
01/02/2025,20:52:11,META,250,597.43,Sell
01/02/2025,20:52:11,AAPL,250,243.40,Buy
01/02/2025,20:52:11,AMZN,250,219.91,Sell
01/02/2025,20:53:11,AMZN,250,220.09,Sell
01/02/2025,20:53:11,AAPL,250,243.65,Buy
01/02/2025,20:54:11,GOOG,250,190.55,Sell
01/02/2025,20:57:11,AAPL,250,243.60,Sell
01/02/2025,20:58:11,AAPL,250,243.58,Buy
01/02/2025,20:59:11,META,250,599.26,Sell
01/02/2025,21:01:10,GOOG,250,190.43,Sell
01/02/2025,21:04:45,AMZN,250,220.24,Buy
01/02/2025,21:07:08,AAPL,250,243.70,Sell
01/02/2025,21:07:08,META,250,599.30,Sell
01/02/2025,21:07:09,GOOG,250,190.56,Buy
01/02/2025,21:07:55,AAPL,250,243.70,Sell
01/02/2025,21:08:44,AMZN,250,220.19,Buy
01/02/2025,21:12:57,AAPL,250,243.61,Sell
01/02/2025,21:14:11,AAPL,250,243.63,Buy
01/02/2025,21:20:05,AAPL,250,243.75,Buy
01/02/2025,21:21:07,AMZN,250,220.18,Sell
01/02/2025,21:22:52,AMZN,250,220.18,Sell
01/02/2025,21:22:59,MSFT,250,419.15,Buy
01/02/2025,21:23:09,GOOG,250,190.59,Sell
01/02/2025,21:23:43,AAPL,250,243.71,Buy
01/02/2025,21:28:09,GOOG,250,190.67,Buy
01/02/2025,21:28:42,GOOG,250,190.71,Buy
01/02/2025,21:29:01,AAPL,250,243.64,Sell
01/02/2025,21:29:36,GOOG,250,190.71,Buy
01/02/2025,21:31:03,AMZN,250,220.35,Buy
01/02/2025,21:31:32,MSFT,250,419.00,Buy
01/02/2025,21:33:01,AAPL,250,243.59,Buy
01/02/2025,21:34:18,AAPL,250,243.56,Sell
01/02/2025,21:37:01,MSFT,250,418.88,Sell
01/02/2025,21:38:12,MSFT,250,419.00,Buy
01/02/2025,21:39:06,AAPL,250,243.55,Sell
01/02/2025,21:40:21,AAPL,250,243.64,Buy
01/02/2025,21:40:54,GOOG,250,190.68,Sell
01/02/2025,21:42:47,MSFT,250,419.00,Buy
01/02/2025,21:43:59,GOOG,250,190.66,Sell
01/02/2025,21:44:33,AMZN,250,220.21,Sell
01/02/2025,21:44:33,GOOG,250,190.61,Sell
01/02/2025,21:45:06,AAPL,250,243.64,Buy
01/02/2025,21:47:08,MSFT,250,418.75,Sell
01/02/2025,21:48:09,AAPL,250,243.61,Sell
01/02/2025,21:49:58,MSFT,250,418.96,Buy
01/02/2025,21:53:06,GOOG,250,190.56,Buy
01/02/2025,21:53:58,MSFT,250,418.70,Sell
01/02/2025,21:56:09,AAPL,250,243.60,Sell
01/02/2025,21:57:01,MSFT,250,418.94,Buy
01/02/2025,21:57:25,MSFT,250,418.70,Sell
01/02/2025,22:00:00,AAPL,250,243.60,Sell
01/02/2025,22:04:55,MSFT,250,418.68,Sell
01/02/2025,22:07:58,AAPL,250,243.61,Buy
01/02/2025,22:08:01,GOOG,250,190.39,Sell
01/02/2025,22:09:09,META,250,599.99,Buy
01/02/2025,22:11:23,MSFT,250,418.80,Sell
01/02/2025,22:14:25,META,250,599.99,Buy
01/02/2025,22:15:58,AAPL,250,243.60,Buy
01/02/2025,22:19:10,MSFT,250,418.93,Buy
01/02/2025,22:19:50,MSFT,250,418.93,Buy
01/02/2025,22:19:50,META,250,599.98,Buy
01/02/2025,22:22:07,MSFT,250,418.93,Buy
01/02/2025,22:22:56,AAPL,250,243.45,Sell
01/02/2025,22:25:10,AAPL,250,243.56,Buy
01/02/2025,22:25:16,META,250,599.26,Sell
01/02/2025,22:26:10,AAPL,250,243.61,Buy
01/02/2025,22:28:30,META,250,599.50,Buy
01/02/2025,22:30:03,META,250,599.24,Sell
01/02/2025,22:30:57,META,250,599.48,Buy
01/02/2025,22:31:01,AAPL,250,243.61,Sell
01/02/2025,22:31:09,MSFT,250,418.61,Sell
01/02/2025,22:33:04,META,250,599.24,Sell
01/02/2025,22:35:10,MSFT,250,418.61,Sell
01/02/2025,22:36:18,MSFT,250,418.61,Sell
01/02/2025,22:37:56,AAPL,250,243.55,Sell
01/02/2025,22:39:08,META,250,599.48,Buy
01/02/2025,22:40:59,AAPL,250,243.55,Sell
01/02/2025,22:42:58,AAPL,250,243.64,Buy
01/02/2025,22:42:58,AAPL,250,243.64,Buy
01/02/2025,22:43:29,MSFT,250,418.87,Buy
01/02/2025,22:43:46,META,250,599.24,Sell
01/02/2025,22:44:46,AAPL,250,243.65,Buy
01/02/2025,22:44:59,GOOG,250,190.41,Buy
01/02/2025,22:45:57,GOOG,250,190.41,Buy
01/02/2025,22:46:11,META,250,599.47,Buy
01/02/2025,22:46:11,META,250,599.24,Sell
01/02/2025,22:52:44,META,250,599.47,Buy
01/02/2025,22:53:42,META,250,599.24,Sell
01/02/2025,22:53:42,META,250,599.24,Sell
01/02/2025,22:54:11,MSFT,250,418.78,Buy
01/02/2025,22:57:15,AAPL,250,243.55,Sell
01/02/2025,22:57:15,AAPL,250,243.55,Sell
01/02/2025,22:57:58,GOOG,250,190.24,Sell
01/02/2025,22:57:58,GOOG,250,190.24,Sell
01/02/2025,22:58:58,MSFT,250,418.78,Buy
01/02/2025,22:58:58,MSFT,250,418.63,Sell
01/02/2025,23:00:00,AAPL,250,243.55,Sell
01/02/2025,23:02:10,MSFT,250,418.78,Buy
01/02/2025,23:08:00,META,250,599.00,Sell
01/02/2025,23:09:02,MSFT,250,418.11,Sell
01/02/2025,23:11:18,MSFT,250,418.58,Buy
01/02/2025,23:13:09,MSFT,250,418.50,Sell
01/02/2025,23:15:08,MSFT,250,418.50,Sell
01/02/2025,23:25:45,MSFT,250,418.50,Buy
01/02/2025,23:25:45,MSFT,250,418.10,Sell
01/02/2025,23:34:03,MSFT,250,418.50,Buy
01/02/2025,23:37:44,MSFT,250,418.65,Buy
01/02/2025,23:41:09,MSFT,250,418.20,Sell
01/02/2025,23:42:10,MSFT,250,418.43,Buy
01/02/2025,23:50:10,MSFT,250,418.20,Sell
01/02/2025,23:51:56,MSFT,250,418.30,Buy
01/02/2025,23:53:08,MSFT,250,418.20,Sell
01/02/2025,23:56:11,MSFT,250,418.25,Buy
01/02/2025,23:56:15,MSFT,250,418.25,Sell
01/03/2025,00:00:40,META,250,598.82,Buy
01/03/2025,00:06:38,MSFT,250,418.65,Buy
01/03/2025,00:06:38,MSFT,250,418.25,Sell
01/03/2025,00:07:53,MSFT,250,418.78,Buy
01/03/2025,00:09:09,AAPL,250,243.33,Buy
01/03/2025,00:09:43,AAPL,250,243.33,Buy
01/03/2025,00:10:16,MSFT,250,418.28,Sell
01/03/2025,00:11:10,AAPL,250,243.33,Buy
01/03/2025,00:11:23,MSFT,250,419.00,Buy
01/03/2025,00:16:11,META,250,600.30,Sell
01/03/2025,00:22:10,MSFT,250,419.00,Sell
01/03/2025,00:23:06,MSFT,250,419.16,Sell
01/03/2025,00:24:07,AAPL,250,243.31,Sell
01/03/2025,00:24:57,MSFT,250,419.49,Buy
01/03/2025,00:25:11,AAPL,250,243.31,Sell
01/03/2025,00:25:55,AAPL,250,243.31,Sell
01/03/2025,00:26:02,MSFT,250,419.48,Buy
01/03/2025,00:27:09,MSFT,250,419.16,Sell
01/03/2025,00:28:10,MSFT,250,420.00,Buy
01/03/2025,00:28:11,AAPL,250,243.33,Buy
01/03/2025,00:29:36,AAPL,250,243.64,Buy
01/03/2025,00:32:29,AAPL,250,243.60,Buy
01/03/2025,00:40:06,MSFT,250,419.55,Sell
01/03/2025,00:40:18,MSFT,250,420.00,Buy
01/03/2025,00:40:18,MSFT,250,419.55,Sell
01/03/2025,00:42:53,MSFT,250,419.90,Sell
01/03/2025,00:43:09,AAPL,250,243.81,Sell
01/03/2025,00:43:45,META,250,601.00,Buy
01/03/2025,00:43:50,GOOG,250,191.25,Buy
01/03/2025,00:43:57,MSFT,250,420.00,Buy
01/03/2025,00:44:55,AAPL,250,243.81,Sell
01/03/2025,00:46:37,AAPL,250,243.81,Sell
01/03/2025,00:46:58,MSFT,250,420.15,Buy
01/03/2025,00:49:39,META,250,601.00,Buy
01/03/2025,00:55:06,AAPL,250,244.11,Buy
01/03/2025,00:56:04,MSFT,250,419.81,Sell
01/03/2025,00:56:08,GOOG,250,190.88,Sell
01/03/2025,00:56:09,AAPL,250,244.11,Buy
01/03/2025,00:57:41,MSFT,250,419.81,Sell
01/03/2025,00:58:24,META,250,600.99,Buy
01/03/2025,00:58:24,META,250,600.65,Sell
01/03/2025,00:58:24,META,250,600.65,Sell
01/03/2025,00:58:24,META,250,600.65,Sell
01/03/2025,00:59:53,AAPL,250,243.99,Sell
01/03/2025,00:59:53,AAPL,250,243.99,Sell
01/03/2025,00:59:55,MSFT,250,420.00,Buy
01/03/2025,00:59:55,MSFT,250,419.80,Sell
01/03/2025,00:59:55,MSFT,250,419.80,Sell
01/03/2025,09:01:09,AAPL,250,243.54,Sell
01/03/2025,09:02:07,MSFT,250,420.58,Buy
01/03/2025,09:06:11,MSFT,250,420.84,Buy
01/03/2025,09:08:11,MSFT,250,420.94,Buy
01/03/2025,09:16:01,AAPL,250,243.66,Buy
01/03/2025,09:17:01,MSFT,250,421.13,Sell
01/03/2025,09:20:06,MSFT,250,421.47,Buy
01/03/2025,09:21:11,MSFT,250,421.12,Sell
01/03/2025,09:22:09,AMZN,250,222.18,Buy
01/03/2025,09:23:11,MSFT,250,421.28,Sell
01/03/2025,09:26:10,MSFT,250,421.88,Buy
01/03/2025,09:27:10,MSFT,250,421.80,Buy
01/03/2025,09:35:08,MSFT,250,421.30,Sell
01/03/2025,09:36:41,AMZN,250,222.06,Sell
01/03/2025,09:37:09,GOOG,250,191.48,Buy
01/03/2025,09:38:48,AMZN,250,222.14,Buy
01/03/2025,09:39:10,MSFT,250,421.67,Buy
01/03/2025,09:39:10,META,250,602.84,Buy
01/03/2025,09:41:07,MSFT,250,421.30,Sell
01/03/2025,09:42:05,MSFT,250,421.30,Sell
01/03/2025,09:51:08,MSFT,250,421.59,Buy
01/03/2025,09:52:09,GOOG,250,191.33,Sell
01/03/2025,09:52:26,META,250,602.50,Sell
01/03/2025,09:53:13,MSFT,250,421.30,Sell
01/03/2025,09:54:00,AMZN,250,221.93,Sell
01/03/2025,10:01:09,MSFT,250,421.38,Buy
01/03/2025,10:02:11,MSFT,250,421.26,Buy
01/03/2025,10:05:44,MSFT,250,421.06,Sell
01/03/2025,10:13:11,MSFT,250,421.20,Buy
01/03/2025,10:16:05,META,250,602.80,Buy
01/03/2025,10:16:08,MSFT,250,420.88,Sell
01/03/2025,10:17:09,MSFT,250,421.12,Sell
01/03/2025,10:18:11,MSFT,250,421.20,Buy
01/03/2025,10:19:11,MSFT,250,421.20,Buy
01/03/2025,10:28:09,MSFT,250,420.59,Sell
01/03/2025,10:30:47,META,250,601.96,Sell
01/03/2025,10:31:21,META,250,602.80,Buy
01/03/2025,10:33:08,MSFT,250,420.67,Sell
01/03/2025,10:33:46,MSFT,250,420.60,Sell
01/03/2025,10:39:10,MSFT,250,420.94,Buy
01/03/2025,10:47:02,META,250,602.11,Sell
01/03/2025,10:49:05,MSFT,250,420.89,Buy
01/03/2025,10:51:11,MSFT,250,420.91,Buy
01/03/2025,10:54:04,MSFT,250,420.52,Sell
01/03/2025,10:55:04,MSFT,250,420.89,Buy
01/03/2025,11:04:11,MSFT,250,420.58,Sell
01/03/2025,11:06:11,MSFT,250,420.91,Buy
01/03/2025,11:06:11,MSFT,250,420.53,Sell
01/03/2025,11:09:10,MSFT,250,420.86,Buy
01/03/2025,11:10:11,MSFT,250,420.42,Sell
01/03/2025,11:13:55,MSFT,250,420.77,Buy
01/03/2025,11:21:08,MSFT,250,420.40,Sell
01/03/2025,11:24:01,MSFT,250,420.42,Sell
01/03/2025,11:25:08,MSFT,250,420.90,Buy
01/03/2025,11:27:09,MSFT,250,420.90,Buy
01/03/2025,11:28:32,MSFT,250,420.47,Sell
01/03/2025,11:40:05,MSFT,250,420.40,Sell
01/03/2025,11:42:07,MSFT,250,420.40,Sell
01/03/2025,11:54:00,AAPL,250,244.50,Sell
01/03/2025,11:55:11,MSFT,250,420.56,Buy
01/03/2025,11:55:46,MSFT,250,420.57,Buy
01/03/2025,11:57:57,MSFT,250,420.69,Buy
01/03/2025,12:00:53,META,250,601.98,Buy
01/03/2025,12:03:07,META,250,601.39,Buy
01/03/2025,12:09:11,AAPL,250,243.99,Buy
01/03/2025,12:10:09,MSFT,250,419.73,Sell
01/03/2025,12:11:09,MSFT,250,419.72,Sell
01/03/2025,12:13:10,MSFT,250,420.00,Buy
01/03/2025,12:13:10,MSFT,250,419.88,Sell
01/03/2025,12:13:54,MSFT,250,420.00,Buy
01/03/2025,12:15:11,MSFT,250,420.05,Buy
01/03/2025,12:15:57,META,250,601.10,Sell
01/03/2025,12:18:10,META,250,600.53,Sell
01/03/2025,12:25:11,GOOG,250,191.09,Buy
01/03/2025,12:28:06,MSFT,250,419.70,Sell
01/03/2025,12:28:06,MSFT,250,419.70,Sell
01/03/2025,12:30:09,MSFT,250,419.90,Buy
01/03/2025,12:30:09,MSFT,250,419.80,Sell
01/03/2025,12:30:58,MSFT,250,420.17,Buy
01/03/2025,12:33:55,MSFT,250,420.19,Buy
01/03/2025,12:40:10,GOOG,250,191.05,Sell
01/03/2025,12:44:55,MSFT,250,419.83,Sell
01/03/2025,12:45:11,AAPL,250,242.46,Buy
01/03/2025,12:46:08,MSFT,250,420.36,Buy
01/03/2025,12:46:08,MSFT,250,419.88,Sell
01/03/2025,12:46:10,AAPL,250,242.46,Buy
01/03/2025,12:49:09,MSFT,250,419.90,Sell
01/03/2025,12:51:09,AAPL,250,242.90,Buy
01/03/2025,12:53:58,MSFT,250,420.37,Buy
01/03/2025,12:58:01,MSFT,250,420.25,Buy
01/03/2025,13:00:09,AAPL,250,242.46,Sell
01/03/2025,13:01:00,AAPL,250,242.69,Buy
01/03/2025,13:01:00,AAPL,250,242.55,Sell
01/03/2025,13:01:10,MSFT,250,419.91,Sell
01/03/2025,13:02:10,GOOG,250,191.23,Buy
01/03/2025,13:03:07,AMZN,250,221.61,Buy
01/03/2025,13:03:11,GOOG,250,191.19,Buy
01/03/2025,13:05:11,MSFT,250,420.80,Buy
01/03/2025,13:06:07,AAPL,250,242.76,Sell
01/03/2025,13:06:33,AMZN,250,221.85,Buy
01/03/2025,13:09:07,MSFT,250,420.39,Sell
01/03/2025,13:10:10,AMZN,250,221.95,Buy
01/03/2025,13:11:15,MSFT,250,420.65,Buy
01/03/2025,13:13:11,MSFT,250,420.28,Sell
01/03/2025,13:14:57,MSFT,250,420.28,Buy
01/03/2025,13:16:05,AAPL,250,242.61,Sell
01/03/2025,13:16:56,GOOG,250,191.34,Sell
01/03/2025,13:18:05,GOOG,250,191.31,Sell
01/03/2025,13:18:09,AMZN,250,221.66,Sell
01/03/2025,13:20:11,MSFT,250,419.61,Sell
01/03/2025,13:21:06,MSFT,250,420.09,Buy
01/03/2025,13:22:05,AMZN,250,221.64,Sell
01/03/2025,13:25:08,AMZN,250,221.87,Sell
01/03/2025,13:27:06,MSFT,250,419.75,Sell
01/03/2025,13:28:11,MSFT,250,419.90,Buy
01/03/2025,13:29:43,MSFT,250,419.75,Sell
01/03/2025,13:32:11,GOOG,250,191.46,Buy
01/03/2025,13:32:11,MSFT,250,420.14,Buy
01/03/2025,13:36:05,MSFT,250,420.21,Sell
01/03/2025,13:36:57,MSFT,250,420.21,Buy
01/03/2025,13:43:09,MSFT,250,419.90,Sell
01/03/2025,13:44:04,MSFT,250,420.21,Buy
01/03/2025,13:46:05,GOOG,250,191.52,Buy
01/03/2025,13:47:06,MSFT,250,419.82,Sell
01/03/2025,13:47:09,GOOG,250,191.38,Sell
01/03/2025,13:48:08,MSFT,250,420.15,Buy
01/03/2025,13:48:51,AAPL,250,242.72,Buy
01/03/2025,13:49:02,GOOG,250,191.42,Buy
01/03/2025,13:52:04,MSFT,250,419.75,Sell
01/03/2025,13:53:05,AAPL,250,242.59,Buy
01/03/2025,13:55:09,MSFT,250,420.10,Buy
01/03/2025,13:57:10,META,250,602.23,Buy
01/03/2025,13:58:11,META,250,602.70,Buy
01/03/2025,13:59:09,META,250,602.76,Buy
01/03/2025,13:59:09,MSFT,250,419.75,Sell
01/03/2025,14:00:54,MSFT,250,419.90,Buy
01/03/2025,14:01:03,GOOG,250,191.30,Sell
01/03/2025,14:03:09,MSFT,250,419.75,Sell
01/03/2025,14:03:53,GOOG,250,191.24,Sell
01/03/2025,14:04:08,AAPL,250,242.77,Sell
01/03/2025,14:04:10,MSFT,250,419.96,Buy
01/03/2025,14:08:11,AAPL,250,242.97,Sell
01/03/2025,14:10:11,MSFT,250,419.78,Sell
01/03/2025,14:11:11,MSFT,250,420.10,Buy
01/03/2025,14:12:01,META,250,603.88,Sell
01/03/2025,14:12:01,META,250,603.88,Sell
01/03/2025,14:14:04,META,250,604.02,Sell
01/03/2025,14:16:01,MSFT,250,419.83,Sell
01/03/2025,14:17:06,MSFT,250,420.13,Buy
01/03/2025,14:19:02,MSFT,250,420.06,Sell
01/03/2025,14:20:09,MSFT,250,420.44,Buy
01/03/2025,14:25:11,META,250,605.48,Buy
01/03/2025,14:26:04,MSFT,250,420.71,Sell
01/03/2025,14:27:02,MSFT,250,421.00,Buy
01/03/2025,14:31:11,AAPL,250,242.96,Buy
01/03/2025,14:32:11,MSFT,250,421.23,Sell
01/03/2025,14:33:11,META,250,606.86,Buy
01/03/2025,14:33:11,MSFT,250,422.61,Buy
01/03/2025,14:35:11,META,250,607.20,Buy
01/03/2025,14:35:11,MSFT,250,421.73,Sell
01/03/2025,14:36:11,GOOG,250,193.36,Sell
01/03/2025,14:36:11,MSFT,250,421.62,Buy
01/03/2025,14:40:11,META,250,607.70,Sell
01/03/2025,14:42:11,MSFT,250,422.06,Sell
01/03/2025,14:43:11,MSFT,250,422.20,Buy
01/03/2025,14:44:11,AAPL,250,243.74,Buy
01/03/2025,14:46:11,AAPL,250,244.01,Sell
01/03/2025,14:48:11,META,250,605.45,Buy
01/03/2025,14:48:11,META,250,605.07,Sell
01/03/2025,14:48:11,MSFT,250,421.50,Sell
01/03/2025,14:49:11,MSFT,250,421.65,Buy
01/03/2025,14:49:11,META,250,604.69,Buy
01/03/2025,14:50:11,META,250,605.00,Sell
01/03/2025,14:51:11,MSFT,250,421.71,Sell
01/03/2025,14:51:11,GOOG,250,193.35,Buy
01/03/2025,14:52:11,MSFT,250,421.21,Buy
01/03/2025,14:53:11,META,250,602.42,Buy
01/03/2025,14:58:11,MSFT,250,421.75,Sell
01/03/2025,14:59:11,MSFT,250,422.14,Buy
01/03/2025,14:59:11,AAPL,250,242.92,Sell
01/03/2025,15:03:11,META,250,602.10,Sell
01/03/2025,15:04:11,META,250,602.82,Sell
01/03/2025,15:04:11,MSFT,250,423.05,Sell
01/03/2025,15:05:11,AAPL,250,243.84,Buy
01/03/2025,15:05:11,MSFT,250,423.43,Buy
01/03/2025,15:05:11,GOOG,250,193.12,Buy
01/03/2025,15:06:11,GOOG,250,193.29,Buy
01/03/2025,15:07:11,MSFT,250,422.93,Sell
01/03/2025,15:07:11,GOOG,250,192.71,Buy
01/03/2025,15:08:11,META,250,602.93,Sell
01/03/2025,15:10:11,MSFT,250,422.50,Buy
01/03/2025,15:13:10,META,250,600.92,Buy
01/03/2025,15:14:11,META,250,600.47,Buy
01/03/2025,15:14:11,MSFT,250,421.75,Sell
01/03/2025,15:15:11,MSFT,250,421.72,Buy
01/03/2025,15:15:11,META,250,600.46,Buy
01/03/2025,15:20:11,MSFT,250,421.05,Sell
01/03/2025,15:20:11,AAPL,250,242.98,Sell
01/03/2025,15:20:11,GOOG,250,191.82,Sell
01/03/2025,15:21:10,MSFT,250,420.37,Buy
01/03/2025,15:21:11,GOOG,250,191.41,Buy
01/03/2025,15:21:11,GOOG,250,191.38,Sell
01/03/2025,15:21:11,AMZN,250,221.65,Buy
01/03/2025,15:21:11,AAPL,250,242.47,Buy
01/03/2025,15:22:11,AMZN,250,221.84,Buy
01/03/2025,15:22:11,AAPL,250,242.55,Buy
01/03/2025,15:22:11,GOOG,250,191.66,Buy
01/03/2025,15:22:11,GOOG,250,191.61,Sell
01/03/2025,15:23:11,AMZN,250,222.15,Buy
01/03/2025,15:23:11,GOOG,250,191.84,Buy
01/03/2025,15:25:11,MSFT,250,421.15,Sell
01/03/2025,15:26:11,MSFT,250,421.30,Buy
01/03/2025,15:28:10,META,250,598.94,Sell
01/03/2025,15:29:11,META,250,599.88,Buy
01/03/2025,15:29:11,META,250,599.38,Sell
01/03/2025,15:30:11,MSFT,250,420.32,Sell
01/03/2025,15:30:11,META,250,597.71,Sell
01/03/2025,15:31:11,MSFT,250,421.02,Buy
01/03/2025,15:35:11,AAPL,250,242.45,Buy
01/03/2025,15:36:11,MSFT,250,421.58,Sell
01/03/2025,15:36:11,GOOG,250,192.49,Sell
01/03/2025,15:36:11,AMZN,250,222.88,Sell
01/03/2025,15:36:11,AAPL,250,242.77,Sell
01/03/2025,15:37:10,AAPL,250,242.67,Sell
01/03/2025,15:37:11,GOOG,250,192.53,Sell
01/03/2025,15:37:11,AMZN,250,223.17,Sell
01/03/2025,15:38:11,AAPL,250,242.62,Buy
01/03/2025,15:38:11,AMZN,250,222.86,Sell
01/03/2025,15:38:11,GOOG,250,192.25,Sell
01/03/2025,15:39:11,MSFT,250,421.25,Buy
01/03/2025,15:39:11,AMZN,250,222.84,Buy
01/03/2025,15:39:11,GOOG,250,192.14,Buy
01/03/2025,15:40:11,META,250,598.38,Buy
01/03/2025,15:40:11,AMZN,250,222.88,Buy
01/03/2025,15:40:11,GOOG,250,192.20,Buy
01/03/2025,15:41:11,META,250,598.66,Buy
01/03/2025,15:41:11,MSFT,250,421.24,Sell
01/03/2025,15:41:11,AAPL,250,242.61,Buy
01/03/2025,15:41:11,GOOG,250,192.29,Buy
01/03/2025,15:42:11,MSFT,250,421.43,Buy
01/03/2025,15:44:11,META,250,599.36,Sell
01/03/2025,15:45:11,AMZN,250,223.10,Buy
01/03/2025,15:46:11,MSFT,250,421.80,Sell
01/03/2025,15:47:11,MSFT,250,421.69,Buy
01/03/2025,15:50:11,AAPL,250,242.91,Sell
01/03/2025,15:53:11,META,250,598.37,Buy
01/03/2025,15:53:11,AAPL,250,242.93,Buy
01/03/2025,15:53:11,AAPL,250,242.90,Sell
01/03/2025,15:54:11,MSFT,250,420.77,Sell
01/03/2025,15:54:11,AMZN,250,222.50,Sell
01/03/2025,15:54:11,GOOG,250,191.96,Sell
01/03/2025,15:55:09,MSFT,250,421.09,Buy
01/03/2025,15:55:11,META,250,597.75,Sell
01/03/2025,15:55:11,GOOG,250,192.00,Sell
01/03/2025,15:55:11,AMZN,250,222.48,Sell
01/03/2025,15:56:11,GOOG,250,192.11,Sell
01/03/2025,15:56:11,AAPL,250,243.00,Sell
01/03/2025,15:56:11,META,250,597.90,Buy
01/03/2025,15:56:11,META,250,597.55,Sell
01/03/2025,15:57:11,MSFT,250,421.17,Sell
01/03/2025,15:57:11,META,250,598.30,Buy
01/03/2025,15:59:11,MSFT,250,421.36,Buy
01/03/2025,15:59:11,AMZN,250,222.76,Buy
01/03/2025,16:00:11,AMZN,250,222.80,Buy
01/03/2025,16:00:11,AMZN,250,222.76,Sell
01/03/2025,16:01:11,AMZN,250,222.68,Buy
01/03/2025,16:02:09,MSFT,250,420.83,Sell
01/03/2025,16:03:11,MSFT,250,421.07,Buy
01/03/2025,16:04:11,GOOG,250,192.46,Buy
01/03/2025,16:08:11,META,250,597.97,Sell
01/03/2025,16:08:11,AAPL,250,243.17,Sell
01/03/2025,16:10:10,MSFT,250,419.85,Sell
01/03/2025,16:11:11,META,250,597.31,Buy
01/03/2025,16:11:11,META,250,597.11,Sell
01/03/2025,16:11:11,MSFT,250,419.88,Buy
01/03/2025,16:11:11,GOOG,250,191.69,Buy
01/03/2025,16:12:11,META,250,597.25,Sell
01/03/2025,16:13:11,GOOG,250,191.91,Buy
01/03/2025,16:14:11,MSFT,250,419.75,Sell
01/03/2025,16:14:11,AMZN,250,222.73,Sell
01/03/2025,16:15:11,MSFT,250,419.66,Buy
01/03/2025,16:15:11,AMZN,250,222.75,Buy
01/03/2025,16:15:11,AMZN,250,222.71,Sell
01/03/2025,16:16:11,AMZN,250,222.93,Buy
01/03/2025,16:16:11,AMZN,250,222.88,Sell
01/03/2025,16:16:11,META,250,597.51,Buy
01/03/2025,16:17:11,AMZN,250,223.05,Buy
01/03/2025,16:18:10,MSFT,250,419.80,Sell
01/03/2025,16:18:11,META,250,596.97,Buy
01/03/2025,16:19:11,GOOG,250,191.91,Sell
01/03/2025,16:20:11,MSFT,250,420.60,Buy
01/03/2025,16:24:11,GOOG,250,192.06,Buy
01/03/2025,16:26:11,META,250,597.84,Sell
01/03/2025,16:26:11,MSFT,250,421.02,Sell
01/03/2025,16:26:11,GOOG,250,192.14,Sell
01/03/2025,16:27:11,GOOG,250,192.28,Buy
01/03/2025,16:28:11,GOOG,250,192.37,Sell
01/03/2025,16:30:11,MSFT,250,421.34,Sell
01/03/2025,16:30:11,AMZN,250,223.56,Sell
01/03/2025,16:31:11,META,250,598.65,Sell
01/03/2025,16:31:11,AMZN,250,223.82,Sell
01/03/2025,16:32:11,AMZN,250,223.89,Sell
01/03/2025,16:33:11,META,250,599.45,Sell
01/03/2025,16:35:11,MSFT,250,421.78,Sell
01/03/2025,16:39:11,GOOG,250,193.02,Sell
01/03/2025,16:42:11,GOOG,250,193.27,Sell
01/03/2025,17:04:11,AAPL,250,243.22,Buy
01/03/2025,17:06:11,AAPL,250,243.20,Buy
01/03/2025,17:06:11,GOOG,250,193.71,Buy
01/03/2025,17:07:11,AAPL,250,243.12,Buy
01/03/2025,17:08:11,GOOG,250,193.59,Buy
01/03/2025,17:09:11,GOOG,250,193.59,Buy
01/03/2025,17:19:11,AAPL,250,242.83,Sell
01/03/2025,17:20:11,AMZN,250,224.03,Buy
01/03/2025,17:21:11,AAPL,250,242.72,Buy
01/03/2025,17:21:11,AAPL,250,242.70,Sell
01/03/2025,17:21:11,GOOG,250,193.19,Sell
01/03/2025,17:22:11,AAPL,250,242.77,Sell
01/03/2025,17:22:11,AMZN,250,224.04,Buy
01/03/2025,17:22:11,GOOG,250,193.37,Buy
01/03/2025,17:23:10,AMZN,250,224.07,Buy
01/03/2025,17:23:11,GOOG,250,193.44,Sell
01/03/2025,17:24:11,GOOG,250,193.47,Buy
01/03/2025,17:24:11,GOOG,250,193.44,Sell
01/03/2025,17:25:11,GOOG,250,193.50,Buy
01/03/2025,17:27:11,AAPL,250,242.90,Buy
01/03/2025,17:28:10,AAPL,250,242.93,Buy
01/03/2025,17:35:11,AMZN,250,224.02,Sell
01/03/2025,17:36:11,AAPL,250,242.67,Sell
01/03/2025,17:36:11,AMZN,250,224.07,Buy
01/03/2025,17:37:10,AMZN,250,223.99,Sell
01/03/2025,17:37:11,GOOG,250,193.20,Sell
01/03/2025,17:38:10,AMZN,250,224.01,Buy
01/03/2025,17:38:10,AMZN,250,223.98,Sell
01/03/2025,17:38:11,GOOG,250,193.24,Buy
01/03/2025,17:39:11,AMZN,250,224.00,Buy
01/03/2025,17:39:11,GOOG,250,193.20,Sell
01/03/2025,17:40:11,GOOG,250,193.24,Buy
01/03/2025,17:40:11,GOOG,250,193.20,Sell
01/03/2025,17:42:11,AAPL,250,242.66,Sell
01/03/2025,17:43:11,AAPL,250,242.64,Sell
01/03/2025,17:47:11,GOOG,250,193.10,Buy
01/03/2025,17:51:11,AMZN,250,223.63,Sell
01/03/2025,17:52:11,AMZN,250,223.61,Buy
01/03/2025,17:53:11,GOOG,250,193.21,Sell
01/03/2025,17:53:11,AMZN,250,223.60,Sell
01/03/2025,17:54:11,AMZN,250,223.71,Buy
01/03/2025,17:54:11,AMZN,250,223.68,Sell
01/03/2025,17:55:11,AMZN,250,223.56,Buy
01/03/2025,17:55:11,GOOG,250,193.28,Sell
01/03/2025,17:58:11,AAPL,250,242.49,Buy
01/03/2025,17:59:11,GOOG,250,193.30,Buy
01/03/2025,18:01:11,GOOG,250,193.21,Buy
01/03/2025,18:02:11,MSFT,250,421.68,Buy
01/03/2025,18:02:11,GOOG,250,193.14,Sell
01/03/2025,18:03:11,MSFT,250,421.83,Buy
01/03/2025,18:03:11,GOOG,250,193.32,Buy
01/03/2025,18:05:11,MSFT,250,421.79,Buy
01/03/2025,18:07:09,AMZN,250,223.35,Sell
01/03/2025,18:08:11,AMZN,250,223.37,Buy
01/03/2025,18:09:10,AMZN,250,223.44,Sell
01/03/2025,18:10:11,AMZN,250,223.40,Buy
01/03/2025,18:10:11,AMZN,250,223.38,Sell
01/03/2025,18:11:11,AMZN,250,223.35,Buy
01/03/2025,18:13:11,AAPL,250,242.83,Sell
01/03/2025,18:14:11,GOOG,250,193.26,Sell
01/03/2025,18:15:11,GOOG,250,193.40,Buy
01/03/2025,18:16:11,GOOG,250,193.36,Sell
01/03/2025,18:17:11,MSFT,250,422.09,Sell
01/03/2025,18:18:11,MSFT,250,422.15,Buy
01/03/2025,18:18:11,MSFT,250,422.06,Sell
01/03/2025,18:18:11,GOOG,250,193.48,Sell
01/03/2025,18:19:10,MSFT,250,422.10,Buy
01/03/2025,18:20:11,MSFT,250,422.00,Sell
01/03/2025,18:21:11,MSFT,250,422.09,Buy
01/03/2025,18:23:11,AMZN,250,223.60,Sell
01/03/2025,18:24:11,AMZN,250,223.75,Buy
01/03/2025,18:25:11,AMZN,250,223.73,Sell
01/03/2025,18:26:11,AMZN,250,223.71,Sell
01/03/2025,18:30:11,GOOG,250,193.69,Sell
01/03/2025,18:33:11,MSFT,250,422.68,Sell
01/03/2025,18:34:07,MSFT,250,422.65,Buy
01/03/2025,18:34:07,MSFT,250,422.57,Sell
01/03/2025,18:34:11,AMZN,250,223.82,Buy
01/03/2025,18:35:08,MSFT,250,422.70,Buy
01/03/2025,18:36:11,MSFT,250,422.82,Sell
01/03/2025,18:37:11,MSFT,250,422.87,Buy
01/03/2025,18:38:11,GOOG,250,193.52,Buy
01/03/2025,18:39:10,AMZN,250,223.87,Sell
01/03/2025,18:41:11,AMZN,250,223.96,Buy
01/03/2025,18:42:11,GOOG,250,193.63,Buy
01/03/2025,18:43:11,GOOG,250,193.61,Buy
01/03/2025,18:49:07,MSFT,250,423.43,Sell
01/03/2025,18:49:10,AMZN,250,224.03,Sell
01/03/2025,18:50:07,MSFT,250,423.40,Buy
01/03/2025,18:50:07,MSFT,250,423.31,Sell
01/03/2025,18:50:11,AMZN,250,223.92,Buy
01/03/2025,18:51:11,MSFT,250,423.28,Buy
01/03/2025,18:52:05,MSFT,250,423.12,Sell
01/03/2025,18:53:09,GOOG,250,193.53,Sell
01/03/2025,18:53:11,MSFT,250,423.25,Buy
01/03/2025,18:55:11,AMZN,250,223.93,Buy
01/03/2025,18:56:10,GOOG,250,193.68,Buy
01/03/2025,18:56:11,AMZN,250,223.99,Sell
01/03/2025,18:57:11,GOOG,250,193.66,Sell
01/03/2025,18:58:11,GOOG,250,193.63,Sell
01/03/2025,19:02:11,GOOG,250,193.52,Buy
01/03/2025,19:03:11,GOOG,250,193.50,Buy
01/03/2025,19:04:10,AMZN,250,223.91,Buy
01/03/2025,19:05:11,MSFT,250,423.05,Sell
01/03/2025,19:05:11,AMZN,250,223.81,Sell
01/03/2025,19:06:11,MSFT,250,423.08,Buy
01/03/2025,19:06:11,MSFT,250,422.88,Sell
01/03/2025,19:06:11,AMZN,250,223.90,Buy
01/03/2025,19:07:10,MSFT,250,423.02,Buy
01/03/2025,19:08:11,MSFT,250,422.95,Sell
01/03/2025,19:09:11,MSFT,250,423.19,Buy
01/03/2025,19:10:11,AMZN,250,223.84,Sell
01/03/2025,19:11:11,GOOG,250,193.59,Sell
01/03/2025,19:12:11,GOOG,250,193.59,Buy
01/03/2025,19:12:11,AMZN,250,223.83,Buy
01/03/2025,19:17:09,GOOG,250,193.62,Sell
01/03/2025,19:18:11,GOOG,250,193.65,Buy
01/03/2025,19:18:11,GOOG,250,193.62,Sell
01/03/2025,19:19:11,AMZN,250,224.01,Sell
01/03/2025,19:21:06,MSFT,250,423.68,Sell
01/03/2025,19:21:10,AMZN,250,224.00,Sell
01/03/2025,19:22:07,GOOG,250,193.47,Buy
01/03/2025,19:22:11,MSFT,250,423.58,Buy
01/03/2025,19:22:11,MSFT,250,423.46,Sell
01/03/2025,19:23:09,MSFT,250,423.55,Buy
01/03/2025,19:24:11,MSFT,250,423.34,Sell
01/03/2025,19:25:11,MSFT,250,423.35,Buy
01/03/2025,19:27:11,AMZN,250,223.92,Sell
01/03/2025,19:27:11,GOOG,250,193.45,Sell
01/03/2025,19:28:11,GOOG,250,193.50,Buy
01/03/2025,19:33:11,GOOG,250,193.50,Sell
01/03/2025,19:34:11,GOOG,250,193.57,Buy
01/03/2025,19:37:11,AAPL,250,242.87,Buy
01/03/2025,19:37:11,MSFT,250,423.51,Sell
01/03/2025,19:37:11,GOOG,250,193.62,Sell
01/03/2025,19:38:11,GOOG,250,193.73,Buy
01/03/2025,19:38:11,MSFT,250,423.86,Buy
01/03/2025,19:38:11,MSFT,250,423.81,Sell
01/03/2025,19:39:11,MSFT,250,423.89,Buy
01/03/2025,19:39:11,AAPL,250,242.90,Buy
01/03/2025,19:40:10,MSFT,250,423.96,Sell
01/03/2025,19:41:11,MSFT,250,423.93,Buy
01/03/2025,19:43:11,GOOG,250,193.95,Sell
01/03/2025,19:46:11,AMZN,250,224.29,Buy
01/03/2025,19:46:11,GOOG,250,193.90,Buy
01/03/2025,19:47:10,META,250,606.43,Buy
01/03/2025,19:49:11,GOOG,250,193.77,Sell
01/03/2025,19:52:10,AAPL,250,243.16,Sell
01/03/2025,19:53:11,MSFT,250,423.21,Sell
01/03/2025,19:53:11,GOOG,250,193.65,Sell
01/03/2025,19:54:05,MSFT,250,423.29,Buy
01/03/2025,19:54:05,MSFT,250,423.13,Sell
01/03/2025,19:54:11,AAPL,250,243.15,Sell
01/03/2025,19:55:11,MSFT,250,423.38,Buy
01/03/2025,19:56:09,MSFT,250,423.17,Sell
01/03/2025,19:57:11,AMZN,250,223.99,Buy
01/03/2025,19:57:11,MSFT,250,423.29,Buy
01/03/2025,19:59:11,AMZN,250,224.03,Buy
01/03/2025,20:01:11,AMZN,250,223.75,Sell
01/03/2025,20:01:11,GOOG,250,193.48,Sell
01/03/2025,20:02:11,META,250,604.51,Sell
01/03/2025,20:02:11,AMZN,250,223.80,Buy
01/03/2025,20:02:11,GOOG,250,193.44,Buy
01/03/2025,20:06:11,GOOG,250,193.43,Buy
01/03/2025,20:07:11,GOOG,250,193.40,Buy
01/03/2025,20:09:11,MSFT,250,422.90,Sell
01/03/2025,20:10:10,MSFT,250,422.85,Sell
01/03/2025,20:12:09,MSFT,250,422.65,Sell
01/03/2025,20:12:11,AMZN,250,223.71,Sell
01/03/2025,20:14:11,AMZN,250,223.71,Buy
01/03/2025,20:14:11,AMZN,250,223.69,Sell
01/03/2025,20:15:11,MSFT,250,423.00,Buy
01/03/2025,20:15:11,AMZN,250,223.78,Buy
01/03/2025,20:16:11,MSFT,250,422.97,Buy
01/03/2025,20:17:09,GOOG,250,193.37,Sell
01/03/2025,20:17:11,AMZN,250,223.78,Sell
01/03/2025,20:17:11,AAPL,250,242.90,Buy
01/03/2025,20:18:11,MSFT,250,422.91,Buy
01/03/2025,20:19:11,AMZN,250,223.88,Buy
01/03/2025,20:20:11,GOOG,250,193.40,Buy
01/03/2025,20:21:11,AAPL,250,242.94,Buy
01/03/2025,20:21:11,GOOG,250,193.36,Sell
01/03/2025,20:22:11,GOOG,250,193.34,Buy
01/03/2025,20:22:11,GOOG,250,193.32,Sell
01/03/2025,20:23:08,META,250,603.99,Buy
01/03/2025,20:28:10,META,250,603.70,Buy
01/03/2025,20:28:11,GOOG,250,193.41,Buy
01/03/2025,20:29:10,META,250,603.68,Buy
01/03/2025,20:29:11,AMZN,250,223.81,Sell
01/03/2025,20:30:11,AMZN,250,223.72,Buy
01/03/2025,20:30:11,AMZN,250,223.70,Sell
01/03/2025,20:30:11,MSFT,250,422.52,Sell
01/03/2025,20:31:11,AMZN,250,223.70,Buy
01/03/2025,20:31:11,MSFT,250,422.63,Sell
01/03/2025,20:32:11,AAPL,250,242.72,Sell
01/03/2025,20:33:11,MSFT,250,422.40,Sell
01/03/2025,20:34:11,MSFT,250,422.51,Buy
01/03/2025,20:34:11,AMZN,250,223.65,Sell
01/03/2025,20:35:11,AMZN,250,223.54,Buy
01/03/2025,20:35:11,GOOG,250,193.18,Sell
01/03/2025,20:35:11,MSFT,250,422.47,Buy
01/03/2025,20:36:11,AAPL,250,242.72,Sell
01/03/2025,20:36:11,MSFT,250,422.43,Buy
01/03/2025,20:37:11,GOOG,250,193.28,Buy
01/03/2025,20:37:11,GOOG,250,193.25,Sell
01/03/2025,20:38:11,META,250,603.49,Sell
01/03/2025,20:38:11,GOOG,250,193.34,Buy
01/03/2025,20:39:10,META,250,603.82,Buy
01/03/2025,20:43:10,META,250,603.58,Sell
01/03/2025,20:43:11,GOOG,250,193.18,Sell
01/03/2025,20:44:11,META,250,603.82,Buy
01/03/2025,20:44:11,META,250,603.63,Sell
01/03/2025,20:45:11,AMZN,250,223.57,Sell
01/03/2025,20:46:11,AMZN,250,223.59,Buy
01/03/2025,20:46:11,AMZN,250,223.57,Sell
01/03/2025,20:47:11,AMZN,250,223.52,Buy
01/03/2025,20:49:11,MSFT,250,421.75,Sell
01/03/2025,20:50:11,AMZN,250,223.61,Sell
01/03/2025,20:50:11,GOOG,250,192.83,Buy
01/03/2025,20:50:11,MSFT,250,421.75,Buy
01/03/2025,20:50:11,MSFT,250,421.68,Sell
01/03/2025,20:51:11,AMZN,250,223.66,Buy
01/03/2025,20:51:11,AAPL,250,242.77,Buy
01/03/2025,20:51:11,MSFT,250,421.73,Buy
01/03/2025,20:51:11,MSFT,250,421.69,Sell
01/03/2025,20:52:11,MSFT,250,421.73,Buy
01/03/2025,20:52:11,GOOG,250,192.79,Sell
01/03/2025,20:53:10,AAPL,250,242.84,Buy
01/03/2025,20:53:11,GOOG,250,192.89,Sell
01/03/2025,20:54:11,META,250,603.56,Sell
01/03/2025,20:59:11,META,250,604.49,Sell
01/03/2025,21:01:07,AMZN,250,224.07,Sell
01/03/2025,21:02:07,AMZN,250,224.06,Sell
01/03/2025,21:05:03,MSFT,250,423.25,Sell
01/03/2025,21:05:11,GOOG,250,192.79,Sell
01/03/2025,21:05:45,AMZN,250,224.00,Sell
01/03/2025,21:06:04,MSFT,250,423.25,Sell
01/03/2025,21:06:11,AAPL,250,243.21,Sell
01/03/2025,21:07:01,MSFT,250,423.25,Sell
01/03/2025,21:07:08,AMZN,250,224.19,Buy
01/03/2025,21:07:39,AAPL,250,243.20,Sell
01/03/2025,21:07:45,AMZN,250,224.19,Buy
01/03/2025,21:09:07,AMZN,250,224.16,Buy
01/03/2025,21:10:01,AAPL,250,243.22,Buy
01/03/2025,21:13:11,AAPL,250,243.22,Buy
01/03/2025,21:14:11,AAPL,250,243.22,Buy
01/03/2025,21:21:12,AMZN,250,224.03,Sell
01/03/2025,21:22:25,AMZN,250,224.03,Sell
01/03/2025,21:23:27,AMZN,250,224.05,Sell
01/03/2025,21:24:13,AAPL,250,243.12,Sell
01/03/2025,21:27:08,AAPL,250,243.20,Buy
01/03/2025,21:27:47,AAPL,250,243.15,Sell
01/03/2025,21:28:38,AAPL,250,243.15,Buy
01/03/2025,21:28:38,AAPL,250,243.10,Sell
01/03/2025,21:28:51,AMZN,250,224.05,Buy
01/03/2025,21:29:59,AAPL,250,243.10,Buy
01/03/2025,21:30:11,AMZN,250,224.04,Buy
01/03/2025,21:40:28,GOOG,250,193.04,Buy
01/03/2025,21:42:01,AAPL,250,243.16,Sell
01/03/2025,21:43:00,AAPL,250,243.16,Sell
01/03/2025,21:44:08,AMZN,250,224.00,Sell
01/03/2025,21:45:05,AMZN,250,224.00,Sell
01/03/2025,21:45:10,AAPL,250,243.17,Buy
01/03/2025,21:45:10,AAPL,250,243.11,Sell
01/03/2025,21:45:15,AAPL,250,243.17,Buy
01/03/2025,21:45:46,MSFT,250,423.25,Buy
01/03/2025,21:45:54,GOOG,250,193.04,Buy
01/03/2025,21:47:02,AAPL,250,243.17,Buy
01/03/2025,21:56:00,GOOG,250,192.91,Sell
01/03/2025,21:56:00,GOOG,250,192.91,Sell
01/03/2025,21:56:56,AMZN,250,224.04,Buy
01/03/2025,21:58:47,MSFT,250,423.01,Sell
01/03/2025,21:59:38,AAPL,250,243.05,Sell
01/03/2025,22:00:38,AAPL,250,243.05,Sell
01/03/2025,22:00:38,AAPL,250,243.05,Sell
01/03/2025,22:08:50,META,250,603.99,Buy
01/03/2025,22:11:02,AAPL,250,243.20,Buy
01/03/2025,22:12:03,AMZN,250,224.00,Sell
01/03/2025,22:19:59,AAPL,250,243.15,Buy
01/03/2025,22:20:59,AAPL,250,243.15,Buy
01/03/2025,22:22:00,META,250,603.50,Buy
01/03/2025,22:22:00,META,250,603.50,Buy
01/03/2025,22:22:11,MSFT,250,423.74,Buy
01/03/2025,22:23:23,META,250,603.32,Sell
01/03/2025,22:27:05,META,250,603.40,Buy
01/03/2025,22:28:01,AAPL,250,243.07,Sell
01/03/2025,22:29:00,AAPL,250,243.15,Buy
01/03/2025,22:35:00,AAPL,250,243.15,Sell
01/03/2025,22:35:00,AAPL,250,243.15,Sell
01/03/2025,22:35:18,MSFT,250,423.15,Sell
01/03/2025,22:36:12,META,250,603.38,Sell
01/03/2025,22:36:12,META,250,603.38,Sell
01/03/2025,22:38:10,AAPL,250,243.25,Buy
01/03/2025,22:41:56,META,250,603.45,Sell
01/03/2025,22:42:40,AAPL,250,243.25,Buy
01/03/2025,22:44:00,AAPL,250,243.15,Sell
01/03/2025,22:44:51,AAPL,250,243.25,Buy
01/03/2025,22:46:05,META,250,603.70,Buy
01/03/2025,22:47:16,GOOG,250,193.00,Buy
01/03/2025,22:53:05,AAPL,250,243.12,Sell
01/03/2025,22:55:06,AAPL,250,243.20,Buy
01/03/2025,22:58:10,AAPL,250,243.16,Sell
01/03/2025,23:00:10,AAPL,250,243.12,Sell
01/03/2025,23:00:50,GOOG,250,192.94,Sell
01/03/2025,23:01:03,META,250,603.55,Sell
01/03/2025,23:02:00,MSFT,250,423.70,Buy
01/03/2025,23:04:28,MSFT,250,423.74,Buy
01/03/2025,23:06:54,MSFT,250,424.20,Buy
01/03/2025,23:08:57,AAPL,250,243.21,Sell
01/03/2025,23:15:45,META,250,604.20,Buy
01/03/2025,23:17:03,MSFT,250,424.15,Sell
01/03/2025,23:18:08,MSFT,250,424.60,Buy
01/03/2025,23:20:08,MSFT,250,424.24,Sell
01/03/2025,23:21:06,MSFT,250,424.38,Buy
01/03/2025,23:21:06,MSFT,250,424.24,Sell
01/03/2025,23:24:11,MSFT,250,424.24,Buy
01/03/2025,23:29:51,META,250,604.40,Buy
01/03/2025,23:32:34,MSFT,250,424.05,Sell
01/03/2025,23:33:10,META,250,604.49,Buy
01/03/2025,23:33:10,META,250,604.01,Sell
01/03/2025,23:37:34,MSFT,250,424.00,Sell
01/03/2025,23:37:34,MSFT,250,424.00,Sell
01/03/2025,23:43:22,META,250,604.01,Sell
01/03/2025,23:44:08,MSFT,250,424.20,Buy
01/03/2025,23:45:44,META,250,604.39,Buy
01/03/2025,23:46:31,MSFT,250,424.19,Buy
01/03/2025,23:47:45,META,250,603.50,Sell
01/03/2025,23:55:56,MSFT,250,424.12,Buy
01/03/2025,23:57:53,AMZN,250,224.19,Buy
01/03/2025,23:58:24,AAPL,250,243.30,Buy
01/03/2025,23:58:50,MSFT,250,424.50,Sell
01/04/2025,00:00:09,META,250,604.00,Sell
01/04/2025,00:00:09,META,250,604.00,Sell
01/04/2025,00:01:37,AAPL,250,243.30,Buy
01/04/2025,00:03:08,AMZN,250,224.19,Buy
01/04/2025,00:03:58,AMZN,250,224.19,Buy
01/04/2025,00:05:42,MSFT,250,424.50,Sell
01/04/2025,00:06:34,GOOG,250,193.15,Buy
01/04/2025,00:07:52,GOOG,250,193.15,Buy
01/04/2025,00:09:48,META,250,604.00,Sell
01/04/2025,00:10:21,MSFT,250,424.01,Sell
01/04/2025,00:10:27,GOOG,250,193.15,Buy
01/04/2025,00:10:43,META,250,604.31,Buy
01/04/2025,00:14:10,AAPL,250,243.17,Sell
01/04/2025,00:16:00,AAPL,250,243.19,Sell
01/04/2025,00:16:10,AMZN,250,224.11,Sell
01/04/2025,00:16:54,AMZN,250,224.13,Buy
01/04/2025,00:17:12,AMZN,250,224.11,Sell
01/04/2025,00:18:32,AMZN,250,224.11,Sell
01/04/2025,00:21:40,GOOG,250,193.13,Sell
01/04/2025,00:22:50,GOOG,250,193.25,Buy
01/04/2025,00:22:50,GOOG,250,193.15,Sell
01/04/2025,00:25:01,GOOG,250,193.25,Buy
01/04/2025,00:25:01,GOOG,250,193.17,Sell
01/04/2025,00:25:01,AMZN,250,224.25,Buy
01/04/2025,00:25:04,META,250,604.31,Buy
01/04/2025,00:26:57,GOOG,250,193.25,Buy
01/04/2025,00:28:01,META,250,604.15,Sell
01/04/2025,00:30:58,AMZN,250,224.12,Sell
01/04/2025,00:33:50,META,250,604.16,Sell
01/04/2025,00:34:20,META,250,604.30,Sell
01/04/2025,00:38:07,GOOG,250,193.23,Sell
01/04/2025,00:38:07,GOOG,250,193.23,Sell
01/04/2025,00:40:32,AMZN,250,224.13,Sell
01/04/2025,00:41:30,GOOG,250,193.25,Buy
01/04/2025,00:41:30,GOOG,250,193.23,Sell
01/04/2025,00:42:31,META,250,604.60,Buy
01/04/2025,00:43:09,AMZN,250,224.25,Buy
01/04/2025,00:48:57,AMZN,250,224.25,Buy
01/04/2025,00:49:07,META,250,604.63,Buy
01/04/2025,00:49:07,META,250,604.63,Buy
01/04/2025,00:49:59,GOOG,250,193.22,Buy
01/04/2025,00:50:26,GOOG,250,193.25,Buy
01/04/2025,00:50:34,AMZN,250,224.25,Buy
01/04/2025,00:54:16,AMZN,250,224.12,Sell
01/04/2025,00:56:39,GOOG,250,193.17,Sell
01/04/2025,00:57:35,META,250,604.16,Sell
01/04/2025,00:59:09,AMZN,250,224.25,Buy
01/04/2025,00:59:09,AMZN,250,224.11,Sell
01/04/2025,00:59:09,AMZN,250,224.11,Sell
01/04/2025,00:59:09,AMZN,250,224.11,Sell
01/04/2025,00:59:32,META,250,604.63,Buy
01/04/2025,00:59:54,GOOG,250,193.25,Buy
01/04/2025,00:59:54,GOOG,250,193.17,Sell
01/04/2025,00:59:54,GOOG,250,193.17,Sell
01/04/2025,00:59:54,GOOG,250,193.17,Sell
01/06/2025,09:01:11,MSFT,250,426.18,Sell
01/06/2025,09:02:00,META,250,606.33,Buy
01/06/2025,09:02:08,AAPL,250,244.71,Buy
01/06/2025,09:03:05,AAPL,250,244.73,Buy
01/06/2025,09:04:09,AAPL,250,244.75,Buy
01/06/2025,09:05:10,MSFT,250,426.43,Buy
01/06/2025,09:09:09,MSFT,250,426.44,Buy
01/06/2025,09:11:10,META,250,607.18,Sell
01/06/2025,09:13:10,AMZN,250,225.65,Buy
01/06/2025,09:13:10,GOOG,250,194.10,Buy
01/06/2025,09:14:10,GOOG,250,194.06,Buy
01/06/2025,09:15:50,MSFT,250,426.49,Buy
01/06/2025,09:17:10,META,250,606.56,Sell
01/06/2025,09:17:10,META,250,606.56,Sell
01/06/2025,09:17:11,AAPL,250,244.95,Sell
01/06/2025,09:17:57,AAPL,250,245.11,Buy
01/06/2025,09:17:57,AAPL,250,244.92,Sell
01/06/2025,09:18:05,MSFT,250,426.49,Buy
01/06/2025,09:19:09,AAPL,250,244.92,Sell
01/06/2025,09:19:11,META,250,606.56,Sell
01/06/2025,09:20:07,MSFT,250,426.21,Sell
01/06/2025,09:20:08,AAPL,250,245.11,Buy
01/06/2025,09:21:11,AAPL,250,245.10,Buy
01/06/2025,09:22:10,MSFT,250,427.22,Buy
01/06/2025,09:23:10,GOOG,250,194.24,Buy
01/06/2025,09:23:11,AMZN,250,225.68,Buy
01/06/2025,09:24:08,MSFT,250,426.80,Sell
01/06/2025,09:25:06,AMZN,250,225.89,Buy
01/06/2025,09:25:51,META,250,607.99,Buy
01/06/2025,09:27:46,AMZN,250,225.92,Sell
01/06/2025,09:28:11,GOOG,250,194.11,Sell
01/06/2025,09:28:49,GOOG,250,194.23,Buy
01/06/2025,09:28:49,GOOG,250,194.12,Sell
01/06/2025,09:28:55,AMZN,250,225.96,Buy
01/06/2025,09:30:01,MSFT,250,426.59,Buy
01/06/2025,09:31:10,GOOG,250,194.25,Buy
01/06/2025,09:32:11,META,250,606.98,Buy
01/06/2025,09:33:03,AAPL,250,244.92,Sell
01/06/2025,09:33:05,MSFT,250,426.40,Sell
01/06/2025,09:34:11,META,250,607.88,Buy
01/06/2025,09:35:05,AAPL,250,244.93,Sell
01/06/2025,09:35:44,AAPL,250,244.92,Sell
01/06/2025,09:36:10,MSFT,250,426.71,Buy
01/06/2025,09:36:48,AAPL,250,245.00,Buy
01/06/2025,09:37:08,MSFT,250,426.47,Sell
01/06/2025,09:37:51,AMZN,250,225.91,Sell
01/06/2025,09:38:03,GOOG,250,194.17,Sell
01/06/2025,09:39:01,GOOG,250,194.28,Buy
01/06/2025,09:39:06,MSFT,250,427.03,Buy
01/06/2025,09:40:09,AMZN,250,225.51,Sell
01/06/2025,09:40:09,AAPL,250,244.97,Buy
01/06/2025,09:40:55,AAPL,250,244.99,Buy
01/06/2025,09:41:04,AMZN,250,225.69,Buy
01/06/2025,09:43:38,GOOG,250,194.27,Sell
01/06/2025,09:44:11,AMZN,250,225.77,Buy
01/06/2025,09:44:11,AMZN,250,225.68,Sell
01/06/2025,09:45:00,MSFT,250,426.77,Sell
01/06/2025,09:46:09,GOOG,250,194.27,Sell
01/06/2025,09:46:44,MSFT,250,427.94,Buy
01/06/2025,09:48:07,AMZN,250,225.81,Buy
01/06/2025,09:50:52,MSFT,250,427.50,Sell
01/06/2025,09:52:09,AAPL,250,244.98,Sell
01/06/2025,09:53:06,AAPL,250,245.11,Buy
01/06/2025,09:53:08,MSFT,250,427.97,Buy
01/06/2025,09:54:04,MSFT,250,427.56,Sell
01/06/2025,09:54:11,GOOG,250,194.27,Sell
01/06/2025,09:55:02,AAPL,250,245.00,Sell
01/06/2025,09:55:55,AMZN,250,225.65,Sell
01/06/2025,09:56:09,AAPL,250,245.01,Sell
01/06/2025,09:56:58,MSFT,250,427.90,Buy
01/06/2025,09:57:04,AAPL,250,245.00,Buy
01/06/2025,09:57:05,AMZN,250,225.70,Buy
01/06/2025,09:57:20,AAPL,250,245.00,Buy
01/06/2025,09:59:08,AMZN,250,225.70,Sell
01/06/2025,10:02:04,MSFT,250,427.95,Sell
01/06/2025,10:03:10,AMZN,250,225.70,Sell
01/06/2025,10:06:07,MSFT,250,428.50,Buy
01/06/2025,10:07:47,AAPL,250,244.89,Sell
01/06/2025,10:08:06,MSFT,250,428.50,Sell
01/06/2025,10:10:06,MSFT,250,428.89,Buy
01/06/2025,10:11:35,AAPL,250,244.95,Sell
01/06/2025,10:11:35,AAPL,250,244.95,Sell
01/06/2025,10:11:53,AMZN,250,225.65,Sell
01/06/2025,10:11:59,MSFT,250,428.78,Sell
01/06/2025,10:12:38,AMZN,250,225.80,Buy
01/06/2025,10:15:08,MSFT,250,428.77,Buy
01/06/2025,10:20:59,MSFT,250,429.00,Sell
01/06/2025,10:23:10,MSFT,250,429.28,Buy
01/06/2025,10:25:11,MSFT,250,429.10,Sell
01/06/2025,10:25:38,MSFT,250,429.15,Buy
01/06/2025,10:27:08,AMZN,250,225.96,Sell
01/06/2025,10:30:03,MSFT,250,428.61,Sell
01/06/2025,10:30:11,GOOG,250,194.63,Buy
01/06/2025,10:30:11,AAPL,250,245.10,Buy
01/06/2025,10:31:06,MSFT,250,428.51,Buy
01/06/2025,10:31:09,AAPL,250,245.05,Buy
01/06/2025,10:34:02,GOOG,250,194.51,Buy
01/06/2025,10:38:06,MSFT,250,428.36,Sell
01/06/2025,10:40:01,MSFT,250,428.50,Buy
01/06/2025,10:40:57,MSFT,250,428.22,Sell
01/06/2025,10:42:07,MSFT,250,428.98,Buy
01/06/2025,10:45:01,AAPL,250,245.03,Sell
01/06/2025,10:45:01,GOOG,250,194.64,Buy
01/06/2025,10:45:01,GOOG,250,194.54,Sell
01/06/2025,10:45:58,AAPL,250,245.02,Sell
01/06/2025,10:46:09,MSFT,250,428.00,Sell
01/06/2025,10:47:02,MSFT,250,428.49,Buy
01/06/2025,10:49:06,GOOG,250,194.48,Sell
01/06/2025,10:54:51,MSFT,250,427.82,Sell
01/06/2025,10:56:56,MSFT,250,427.93,Buy
01/06/2025,10:56:56,MSFT,250,427.82,Sell
01/06/2025,10:59:24,MSFT,250,427.93,Buy
01/06/2025,10:59:53,GOOG,250,194.58,Sell
01/06/2025,11:01:11,GOOG,250,194.61,Buy
01/06/2025,11:02:11,MSFT,250,427.51,Sell
01/06/2025,11:02:47,MSFT,250,427.51,Buy
01/06/2025,11:03:11,AAPL,250,245.05,Buy
01/06/2025,11:12:08,MSFT,250,427.71,Sell
01/06/2025,11:13:00,MSFT,250,427.93,Buy
01/06/2025,11:15:01,MSFT,250,427.60,Sell
01/06/2025,11:16:10,MSFT,250,427.20,Buy
01/06/2025,11:16:10,MSFT,250,427.01,Sell
01/06/2025,11:16:11,GOOG,250,194.97,Sell
01/06/2025,11:17:39,AAPL,250,245.00,Sell
01/06/2025,11:19:11,MSFT,250,427.20,Buy
01/06/2025,11:28:10,MSFT,250,427.25,Sell
01/06/2025,11:29:09,MSFT,250,427.75,Buy
01/06/2025,11:30:56,MSFT,250,427.37,Sell
01/06/2025,11:33:00,MSFT,250,427.75,Buy
01/06/2025,11:33:42,MSFT,250,427.41,Sell
01/06/2025,11:34:46,MSFT,250,427.75,Buy
01/06/2025,11:41:11,GOOG,250,195.10,Buy
01/06/2025,11:44:08,MSFT,250,427.60,Sell
01/06/2025,11:44:11,GOOG,250,195.10,Buy
01/06/2025,11:45:03,GOOG,250,195.10,Buy
01/06/2025,11:48:11,MSFT,250,427.70,Sell
01/06/2025,11:48:57,MSFT,250,427.75,Buy
01/06/2025,11:48:57,MSFT,250,427.60,Sell
01/06/2025,11:51:41,MSFT,250,427.75,Buy
01/06/2025,11:54:55,MSFT,250,427.73,Buy
01/06/2025,11:56:11,GOOG,250,194.86,Sell
01/06/2025,11:58:59,GOOG,250,194.80,Sell
01/06/2025,12:00:11,GOOG,250,194.82,Sell
01/06/2025,12:02:04,AAPL,250,245.00,Buy
01/06/2025,12:03:10,AAPL,250,244.98,Buy
01/06/2025,12:03:54,MSFT,250,427.21,Sell
01/06/2025,12:04:10,AAPL,250,244.98,Buy
01/06/2025,12:06:11,GOOG,250,195.10,Buy
01/06/2025,12:06:11,MSFT,250,427.68,Buy
01/06/2025,12:07:08,MSFT,250,427.41,Sell
01/06/2025,12:08:07,MSFT,250,427.75,Buy
01/06/2025,12:08:10,GOOG,250,195.06,Buy
01/06/2025,12:09:07,AMZN,250,226.68,Buy
01/06/2025,12:10:10,MSFT,250,426.78,Sell
01/06/2025,12:10:10,GOOG,250,194.98,Buy
01/06/2025,12:11:11,MSFT,250,427.42,Buy
01/06/2025,12:17:09,AAPL,250,244.55,Sell
01/06/2025,12:18:10,AAPL,250,244.51,Sell
01/06/2025,12:18:58,AAPL,250,244.70,Buy
01/06/2025,12:18:58,AAPL,250,244.54,Sell
01/06/2025,12:21:07,AAPL,250,244.76,Buy
01/06/2025,12:21:07,GOOG,250,194.77,Sell
01/06/2025,12:21:11,MSFT,250,426.92,Sell
01/06/2025,12:21:59,AAPL,250,244.76,Buy
01/06/2025,12:22:04,MSFT,250,427.65,Buy
01/06/2025,12:22:40,MSFT,250,427.01,Sell
01/06/2025,12:23:11,GOOG,250,194.82,Sell
01/06/2025,12:24:11,AMZN,250,226.24,Sell
01/06/2025,12:25:07,GOOG,250,194.76,Sell
01/06/2025,12:25:48,MSFT,250,427.25,Sell
01/06/2025,12:28:06,MSFT,250,427.00,Buy
01/06/2025,12:29:02,MSFT,250,427.00,Buy
01/06/2025,12:33:55,AAPL,250,244.30,Sell
01/06/2025,12:36:11,AAPL,250,244.30,Sell
01/06/2025,12:37:02,AAPL,250,244.41,Sell
01/06/2025,12:37:03,MSFT,250,426.83,Sell
01/06/2025,12:38:08,MSFT,250,427.25,Buy
01/06/2025,12:43:08,MSFT,250,427.13,Sell
01/06/2025,12:44:11,MSFT,250,427.14,Sell
01/06/2025,12:45:11,MSFT,250,427.45,Buy
01/06/2025,12:45:51,MSFT,250,427.45,Buy
01/06/2025,12:53:11,MSFT,250,427.50,Sell
01/06/2025,12:53:29,MSFT,250,427.65,Buy
01/06/2025,12:57:10,GOOG,250,194.97,Buy
01/06/2025,12:59:09,MSFT,250,427.50,Sell
01/06/2025,12:59:09,MSFT,250,427.50,Sell
01/06/2025,13:02:09,GOOG,250,194.97,Buy
01/06/2025,13:02:47,GOOG,250,194.97,Buy
01/06/2025,13:07:53,AMZN,250,226.99,Buy
01/06/2025,13:08:56,MSFT,250,428.00,Sell
01/06/2025,13:12:10,GOOG,250,194.92,Sell
01/06/2025,13:14:03,GOOG,250,195.07,Buy
01/06/2025,13:17:02,GOOG,250,195.02,Sell
01/06/2025,13:17:11,AMZN,250,226.97,Buy
01/06/2025,13:17:45,GOOG,250,195.00,Sell
01/06/2025,13:18:11,AMZN,250,226.97,Buy
01/06/2025,13:19:59,MSFT,250,428.13,Buy
01/06/2025,13:21:10,MSFT,250,428.10,Buy
01/06/2025,13:23:10,AMZN,250,226.75,Sell
01/06/2025,13:24:03,GOOG,250,195.10,Buy
01/06/2025,13:24:05,MSFT,250,428.00,Buy
01/06/2025,13:25:29,AMZN,250,226.73,Buy
01/06/2025,13:28:44,GOOG,250,195.01,Sell
01/06/2025,13:32:11,AMZN,250,226.80,Sell
01/06/2025,13:33:11,AMZN,250,227.01,Buy
01/06/2025,13:33:11,AMZN,250,227.00,Sell
01/06/2025,13:34:11,AMZN,250,227.11,Buy
01/06/2025,13:35:11,MSFT,250,427.51,Sell
01/06/2025,13:36:07,MSFT,250,427.55,Sell
01/06/2025,13:38:44,MSFT,250,427.58,Sell
01/06/2025,13:39:10,GOOG,250,195.05,Sell
01/06/2025,13:41:09,GOOG,250,194.94,Buy
01/06/2025,13:41:10,AMZN,250,226.75,Sell
01/06/2025,13:42:11,AMZN,250,226.81,Buy
01/06/2025,13:42:11,GOOG,250,194.69,Buy
01/06/2025,13:44:05,MSFT,250,427.70,Buy
01/06/2025,13:45:01,MSFT,250,427.79,Buy
01/06/2025,13:45:09,GOOG,250,194.40,Buy
01/06/2025,13:46:02,MSFT,250,427.79,Buy
01/06/2025,13:48:07,AMZN,250,226.76,Sell
01/06/2025,13:49:11,AMZN,250,226.94,Buy
01/06/2025,13:49:11,AMZN,250,226.85,Sell
01/06/2025,13:50:08,AMZN,250,226.94,Buy
01/06/2025,13:53:52,META,250,610.30,Sell
01/06/2025,13:56:10,GOOG,250,194.92,Sell
01/06/2025,13:57:06,GOOG,250,194.93,Sell
01/06/2025,13:57:08,AAPL,250,244.88,Buy
01/06/2025,13:57:11,AMZN,250,227.11,Sell
01/06/2025,13:58:01,AMZN,250,227.17,Buy
01/06/2025,13:58:57,MSFT,250,427.72,Sell
01/06/2025,14:00:02,MSFT,250,427.87,Sell
01/06/2025,14:00:11,GOOG,250,195.20,Sell
01/06/2025,14:01:09,MSFT,250,427.69,Sell
01/06/2025,14:04:08,AMZN,250,227.21,Sell
01/06/2025,14:04:10,MSFT,250,427.80,Buy
01/06/2025,14:05:08,AMZN,250,227.00,Sell
01/06/2025,14:05:08,MSFT,250,427.80,Buy
01/06/2025,14:05:08,AAPL,250,245.00,Buy
01/06/2025,14:06:05,MSFT,250,427.60,Buy
01/06/2025,14:06:11,AAPL,250,244.95,Buy
01/06/2025,14:08:52,META,250,609.20,Buy
01/06/2025,14:12:10,AAPL,250,244.80,Sell
01/06/2025,14:13:01,AMZN,250,227.10,Sell
01/06/2025,14:13:04,AAPL,250,244.87,Buy
01/06/2025,14:19:09,MSFT,250,426.50,Sell
01/06/2025,14:20:11,AAPL,250,244.00,Sell
01/06/2025,14:20:11,MSFT,250,426.68,Sell
01/06/2025,14:20:11,AMZN,250,226.56,Buy
01/06/2025,14:21:11,AMZN,250,226.52,Buy
01/06/2025,14:21:11,AAPL,250,243.93,Sell
01/06/2025,14:21:11,MSFT,250,426.51,Sell
01/06/2025,14:22:10,AMZN,250,226.77,Buy
01/06/2025,14:28:11,AAPL,250,243.98,Sell
01/06/2025,14:30:11,AAPL,250,244.16,Buy
01/06/2025,14:31:11,MSFT,250,428.50,Buy
01/06/2025,14:33:11,MSFT,250,427.59,Buy
01/06/2025,14:35:11,AMZN,250,226.25,Sell
01/06/2025,14:36:11,AMZN,250,226.12,Buy
01/06/2025,14:36:11,AMZN,250,226.09,Sell
01/06/2025,14:37:11,AMZN,250,226.03,Buy
01/06/2025,14:37:11,AMZN,250,225.98,Sell
01/06/2025,14:38:11,AMZN,250,226.06,Buy
01/06/2025,14:45:11,AAPL,250,244.76,Sell
01/06/2025,14:46:11,MSFT,250,430.14,Sell
01/06/2025,14:48:11,MSFT,250,430.32,Buy
01/06/2025,14:48:11,MSFT,250,430.23,Sell
01/06/2025,14:51:11,META,250,612.12,Buy
01/06/2025,14:51:11,AMZN,250,225.60,Sell
01/06/2025,14:52:11,META,250,611.12,Buy
01/06/2025,14:52:11,AMZN,250,225.61,Buy
01/06/2025,14:52:11,AMZN,250,225.56,Sell
01/06/2025,14:53:11,AMZN,250,225.81,Sell
01/06/2025,14:53:11,META,250,611.75,Buy
01/06/2025,14:55:11,GOOG,250,197.12,Buy
01/06/2025,14:56:11,GOOG,250,197.38,Buy
01/06/2025,15:03:11,MSFT,250,431.09,Sell
01/06/2025,15:06:09,META,250,608.03,Sell
01/06/2025,15:06:11,AAPL,250,244.72,Buy
01/06/2025,15:07:11,META,250,608.19,Buy
01/06/2025,15:07:11,META,250,607.83,Sell
01/06/2025,15:07:11,AMZN,250,225.68,Sell
01/06/2025,15:08:11,META,250,608.41,Buy
01/06/2025,15:08:11,META,250,608.22,Sell
01/06/2025,15:08:11,AAPL,250,244.89,Buy
01/06/2025,15:09:11,META,250,608.18,Buy
01/06/2025,15:10:11,GOOG,250,197.27,Sell
01/06/2025,15:11:11,GOOG,250,196.64,Sell
01/06/2025,15:14:11,GOOG,250,197.31,Buy
01/06/2025,15:15:11,GOOG,250,197.49,Buy
01/06/2025,15:16:11,GOOG,250,197.44,Buy
01/06/2025,15:21:11,AAPL,250,245.45,Sell
01/06/2025,15:22:11,META,250,608.55,Sell
01/06/2025,15:23:11,META,250,609.87,Buy
01/06/2025,15:23:11,META,250,609.46,Sell
01/06/2025,15:23:11,AAPL,250,245.74,Sell
01/06/2025,15:24:11,META,250,610.69,Buy
01/06/2025,15:24:11,META,250,610.32,Sell
01/06/2025,15:25:11,META,250,610.95,Buy
01/06/2025,15:29:11,GOOG,250,198.45,Sell
01/06/2025,15:30:11,GOOG,250,198.52,Sell
01/06/2025,15:31:11,GOOG,250,198.48,Sell
01/06/2025,15:38:11,META,250,613.20,Sell
01/06/2025,15:39:11,META,250,613.31,Sell
01/06/2025,15:39:11,GOOG,250,198.50,Buy
01/06/2025,15:40:09,META,250,613.03,Sell
01/06/2025,15:44:11,GOOG,250,198.31,Buy
01/06/2025,15:46:11,GOOG,250,198.56,Buy
01/06/2025,15:54:11,GOOG,250,198.40,Sell
01/06/2025,15:55:11,GOOG,250,198.45,Buy
01/06/2025,15:59:11,GOOG,250,198.57,Sell
01/06/2025,16:01:10,GOOG,250,198.68,Sell
01/06/2025,16:04:11,GOOG,250,198.81,Buy
01/06/2025,16:10:11,GOOG,250,199.08,Buy
01/06/2025,16:10:11,GOOG,250,199.07,Sell
01/06/2025,16:13:11,GOOG,250,198.93,Buy
01/06/2025,16:19:11,GOOG,250,198.98,Sell
01/06/2025,16:20:10,GOOG,250,199.05,Buy
01/06/2025,16:25:11,GOOG,250,199.01,Sell
01/06/2025,16:26:11,AMZN,250,227.99,Buy
01/06/2025,16:28:10,GOOG,250,199.23,Sell
01/06/2025,16:29:10,AMZN,250,228.42,Buy
01/06/2025,16:34:11,AAPL,250,246.34,Buy
01/06/2025,16:35:10,GOOG,250,198.91,Sell
01/06/2025,16:37:11,GOOG,250,199.06,Buy
01/06/2025,16:39:11,AMZN,250,228.36,Buy
01/06/2025,16:41:11,AMZN,250,228.40,Sell
01/06/2025,16:41:11,GOOG,250,199.04,Buy
01/06/2025,16:44:11,GOOG,250,198.96,Buy
01/06/2025,16:44:11,AMZN,250,228.40,Sell
01/06/2025,16:45:11,AAPL,250,246.12,Buy
01/06/2025,16:47:11,AAPL,250,246.21,Buy
01/06/2025,16:49:11,AAPL,250,245.96,Sell
01/06/2025,16:51:11,AAPL,250,246.12,Buy
01/06/2025,16:52:11,GOOG,250,198.75,Sell
01/06/2025,16:53:11,GOOG,250,198.75,Buy
01/06/2025,16:54:10,AMZN,250,228.29,Sell
01/06/2025,16:56:11,GOOG,250,198.80,Sell
01/06/2025,16:57:11,GOOG,250,198.90,Buy
01/06/2025,16:59:11,GOOG,250,198.94,Sell
01/06/2025,17:00:11,AAPL,250,246.24,Sell
01/06/2025,17:00:11,GOOG,250,198.85,Buy
01/06/2025,17:01:11,AAPL,250,246.25,Buy
01/06/2025,17:02:10,META,250,620.73,Buy
01/06/2025,17:02:11,AAPL,250,246.29,Sell
01/06/2025,17:04:11,META,250,620.27,Buy
01/06/2025,17:06:11,AAPL,250,246.42,Sell
01/06/2025,17:07:11,AAPL,250,246.43,Buy
01/06/2025,17:08:09,META,250,620.44,Buy
01/06/2025,17:08:10,GOOG,250,198.91,Sell
01/06/2025,17:08:11,AMZN,250,228.17,Buy
01/06/2025,17:08:11,AAPL,250,246.39,Buy
01/06/2025,17:09:10,AMZN,250,228.20,Buy
01/06/2025,17:12:11,GOOG,250,198.89,Sell
01/06/2025,17:13:10,AMZN,250,228.00,Buy
01/06/2025,17:15:11,GOOG,250,198.88,Sell
01/06/2025,17:16:11,GOOG,250,198.88,Buy
01/06/2025,17:16:11,AAPL,250,246.06,Sell
01/06/2025,17:17:02,META,250,619.66,Sell
01/06/2025,17:17:11,GOOG,250,198.94,Buy
01/06/2025,17:18:11,META,250,620.69,Buy
01/06/2025,17:19:11,META,250,620.20,Sell
01/06/2025,17:21:09,META,250,620.40,Buy
01/06/2025,17:21:11,GOOG,250,198.76,Buy
01/06/2025,17:21:11,AAPL,250,245.95,Buy
01/06/2025,17:22:11,AAPL,250,245.88,Sell
01/06/2025,17:23:10,META,250,620.35,Sell
01/06/2025,17:23:11,AMZN,250,227.66,Sell
01/06/2025,17:23:11,AAPL,250,245.93,Buy
01/06/2025,17:23:11,AAPL,250,245.91,Sell
01/06/2025,17:24:11,AAPL,250,246.00,Buy
01/06/2025,17:24:11,AMZN,250,227.71,Buy
01/06/2025,17:24:11,AMZN,250,227.66,Sell
01/06/2025,17:25:11,AMZN,250,227.63,Buy
01/06/2025,17:28:11,AMZN,250,227.51,Sell
01/06/2025,17:29:11,AMZN,250,227.46,Buy
01/06/2025,17:31:11,GOOG,250,198.98,Sell
01/06/2025,17:32:11,GOOG,250,198.88,Sell
01/06/2025,17:33:11,META,250,622.41,Sell
01/06/2025,17:33:11,GOOG,250,198.87,Buy
01/06/2025,17:34:11,GOOG,250,198.83,Buy
01/06/2025,17:36:09,AAPL,250,245.81,Sell
01/06/2025,17:36:11,META,250,623.52,Sell
01/06/2025,17:36:11,GOOG,250,198.72,Sell
01/06/2025,17:38:11,AAPL,250,245.78,Sell
01/06/2025,17:39:11,AMZN,250,227.73,Sell
01/06/2025,17:39:11,AAPL,250,245.77,Sell
01/06/2025,17:39:11,GOOG,250,198.71,Buy
01/06/2025,17:40:11,AMZN,250,227.49,Buy
01/06/2025,17:40:11,AMZN,250,227.46,Sell
01/06/2025,17:41:11,AMZN,250,227.48,Buy
01/06/2025,17:42:11,AAPL,250,245.52,Buy
01/06/2025,17:44:11,AMZN,250,227.46,Sell
01/06/2025,17:45:11,AMZN,250,227.14,Buy
01/06/2025,17:48:11,GOOG,250,198.53,Sell
01/06/2025,17:49:11,GOOG,250,198.51,Sell
01/06/2025,17:51:11,GOOG,250,198.54,Buy
01/06/2025,17:52:11,GOOG,250,198.42,Buy
01/06/2025,17:54:11,GOOG,250,198.61,Sell
01/06/2025,17:55:10,GOOG,250,198.58,Buy
01/06/2025,17:55:11,AMZN,250,227.10,Sell
01/06/2025,17:56:11,AMZN,250,227.09,Buy
01/06/2025,17:56:11,AMZN,250,227.05,Sell
01/06/2025,17:57:11,AAPL,250,244.92,Sell
01/06/2025,17:57:11,AMZN,250,227.12,Buy
01/06/2025,17:58:11,AAPL,250,245.01,Buy
01/06/2025,17:59:11,AAPL,250,245.04,Buy
01/06/2025,18:00:11,AMZN,250,227.18,Sell
01/06/2025,18:01:11,AMZN,250,227.13,Buy
01/06/2025,18:02:09,META,250,618.73,Buy
01/06/2025,18:02:11,AAPL,250,244.62,Buy
01/06/2025,18:03:11,META,250,619.36,Buy
01/06/2025,18:04:11,META,250,619.37,Buy
01/06/2025,18:06:11,GOOG,250,198.74,Sell
01/06/2025,18:07:11,GOOG,250,198.55,Sell
01/06/2025,18:08:11,MSFT,250,428.40,Buy
01/06/2025,18:10:11,GOOG,250,198.69,Sell
01/06/2025,18:11:11,AMZN,250,227.05,Sell
01/06/2025,18:12:11,AMZN,250,227.13,Buy
01/06/2025,18:12:11,AMZN,250,227.09,Sell
01/06/2025,18:13:11,AMZN,250,227.09,Buy
01/06/2025,18:13:11,AAPL,250,244.91,Sell
01/06/2025,18:14:10,AAPL,250,244.88,Buy
01/06/2025,18:14:10,AAPL,250,244.87,Sell
01/06/2025,18:16:11,AAPL,250,244.69,Buy
01/06/2025,18:16:11,AMZN,250,226.91,Sell
01/06/2025,18:17:10,META,250,619.88,Sell
01/06/2025,18:17:11,AAPL,250,244.68,Sell
01/06/2025,18:17:11,AMZN,250,226.91,Buy
01/06/2025,18:18:11,META,250,619.93,Sell
01/06/2025,18:18:11,MSFT,250,428.10,Buy
01/06/2025,18:19:11,META,250,619.75,Sell
01/06/2025,18:19:11,GOOG,250,198.74,Buy
01/06/2025,18:20:11,AAPL,250,244.70,Buy
01/06/2025,18:20:11,GOOG,250,198.73,Buy
01/06/2025,18:21:11,GOOG,250,198.75,Buy
01/06/2025,18:23:11,MSFT,250,428.04,Sell
01/06/2025,18:27:11,AMZN,250,226.98,Sell
01/06/2025,18:28:11,AMZN,250,227.00,Buy
01/06/2025,18:28:11,AMZN,250,226.97,Sell
01/06/2025,18:29:10,AAPL,250,245.03,Sell
01/06/2025,18:29:11,AMZN,250,226.97,Buy
01/06/2025,18:30:11,AAPL,250,244.99,Buy
01/06/2025,18:31:11,AAPL,250,244.97,Sell
01/06/2025,18:32:11,AMZN,250,226.75,Sell
01/06/2025,18:33:11,MSFT,250,427.74,Sell
01/06/2025,18:33:11,AMZN,250,226.85,Buy
01/06/2025,18:34:11,GOOG,250,198.64,Sell
01/06/2025,18:34:11,AAPL,250,244.97,Buy
01/06/2025,18:35:11,GOOG,250,198.58,Sell
01/06/2025,18:35:11,AAPL,250,245.05,Sell
01/06/2025,18:36:11,AAPL,250,245.06,Buy
01/06/2025,18:36:11,GOOG,250,198.47,Sell
01/06/2025,18:37:11,GOOG,250,198.54,Buy
01/06/2025,18:39:11,GOOG,250,198.34,Buy
01/06/2025,18:40:11,GOOG,250,198.41,Buy
01/06/2025,18:41:10,META,250,620.48,Sell
01/06/2025,18:43:11,AMZN,250,226.70,Sell
01/06/2025,18:44:11,AMZN,250,226.84,Buy
01/06/2025,18:44:11,AMZN,250,226.81,Sell
01/06/2025,18:45:11,AMZN,250,226.74,Buy
01/06/2025,18:45:11,AAPL,250,244.98,Sell
01/06/2025,18:47:11,AAPL,250,244.99,Buy
01/06/2025,18:48:11,AMZN,250,226.49,Sell
01/06/2025,18:49:11,AMZN,250,226.36,Buy
01/06/2025,18:49:11,AAPL,250,244.76,Sell
01/06/2025,18:50:11,AAPL,250,244.79,Buy
01/06/2025,18:51:11,AAPL,250,244.85,Sell
01/06/2025,18:52:11,GOOG,250,198.24,Sell
01/06/2025,18:53:11,AAPL,250,245.09,Buy
01/06/2025,18:54:11,GOOG,250,198.17,Sell
01/06/2025,18:55:11,GOOG,250,198.18,Sell
01/06/2025,18:56:11,META,250,620.28,Buy
01/06/2025,18:59:11,AMZN,250,226.36,Sell
01/06/2025,19:00:11,AMZN,250,226.23,Buy
01/06/2025,19:00:11,AMZN,250,226.20,Sell
01/06/2025,19:02:11,AAPL,250,244.86,Sell
01/06/2025,19:02:11,AMZN,250,226.02,Buy
01/06/2025,19:02:11,GOOG,250,197.59,Buy
01/06/2025,19:04:11,AMZN,250,225.97,Sell
01/06/2025,19:04:11,AAPL,250,244.90,Buy
01/06/2025,19:04:11,GOOG,250,197.52,Buy
01/06/2025,19:05:11,AMZN,250,226.04,Buy
01/06/2025,19:05:11,AAPL,250,244.93,Sell
01/06/2025,19:05:11,GOOG,250,197.52,Buy
01/06/2025,19:06:11,AAPL,250,245.03,Buy
01/06/2025,19:08:11,AAPL,250,244.99,Sell
01/06/2025,19:10:11,AAPL,250,244.94,Buy
01/06/2025,19:15:11,AMZN,250,225.92,Sell
01/06/2025,19:16:10,AMZN,250,226.17,Buy
01/06/2025,19:17:11,AMZN,250,226.16,Sell
01/06/2025,19:17:11,GOOG,250,197.51,Sell
01/06/2025,19:18:11,AMZN,250,226.34,Buy
01/06/2025,19:18:11,GOOG,250,197.47,Buy
01/06/2025,19:19:11,AAPL,250,245.12,Sell
01/06/2025,19:19:11,GOOG,250,197.45,Sell
01/06/2025,19:20:11,GOOG,250,197.41,Buy
01/06/2025,19:20:11,GOOG,250,197.38,Sell
01/06/2025,19:20:11,AMZN,250,226.25,Sell
01/06/2025,19:20:11,AAPL,250,245.08,Buy
01/06/2025,19:21:11,GOOG,250,197.39,Buy
01/06/2025,19:21:11,AAPL,250,245.10,Sell
01/06/2025,19:21:11,AMZN,250,226.24,Buy
01/06/2025,19:22:11,AAPL,250,245.10,Buy
01/06/2025,19:25:11,AAPL,250,245.01,Sell
01/06/2025,19:26:11,AAPL,250,245.13,Buy
01/06/2025,19:31:11,AMZN,250,226.25,Sell
01/06/2025,19:33:11,GOOG,250,197.31,Sell
01/06/2025,19:33:11,AMZN,250,226.20,Sell
01/06/2025,19:34:11,GOOG,250,197.37,Buy
01/06/2025,19:35:11,GOOG,250,197.22,Sell
01/06/2025,19:35:11,AAPL,250,244.97,Sell
01/06/2025,19:36:11,GOOG,250,197.19,Buy
01/06/2025,19:36:11,GOOG,250,197.16,Sell
01/06/2025,19:36:11,AMZN,250,226.10,Sell
01/06/2025,19:37:11,GOOG,250,197.24,Buy
01/06/2025,19:37:11,AAPL,250,245.03,Buy
01/06/2025,19:37:11,AAPL,250,245.00,Sell
01/06/2025,19:38:11,AAPL,250,245.01,Buy
01/06/2025,19:40:11,AMZN,250,226.24,Buy
01/06/2025,19:41:11,AAPL,250,245.03,Sell
01/06/2025,19:42:11,AAPL,250,245.03,Buy
01/06/2025,19:48:11,AMZN,250,226.40,Buy
01/06/2025,19:49:11,GOOG,250,197.23,Sell
01/06/2025,19:51:11,GOOG,250,197.22,Buy
01/06/2025,19:51:11,GOOG,250,197.19,Sell
01/06/2025,19:52:11,GOOG,250,197.16,Buy
01/06/2025,19:52:11,GOOG,250,197.14,Sell
01/06/2025,19:52:11,AAPL,250,244.96,Sell
01/06/2025,19:53:11,GOOG,250,197.23,Buy
01/06/2025,19:53:11,AAPL,250,244.95,Buy
01/06/2025,19:53:11,AAPL,250,244.93,Sell
01/06/2025,19:55:11,AMZN,250,226.23,Sell
01/06/2025,19:55:11,AAPL,250,244.92,Buy
01/06/2025,19:57:11,AAPL,250,244.71,Sell
01/06/2025,19:59:11,AMZN,250,225.99,Buy
01/06/2025,20:01:11,AMZN,250,226.02,Buy
01/06/2025,20:03:10,AMZN,250,226.08,Sell
01/06/2025,20:04:11,AMZN,250,226.21,Buy
01/06/2025,20:05:10,AAPL,250,244.72,Buy
01/06/2025,20:06:11,GOOG,250,197.05,Sell
01/06/2025,20:07:11,GOOG,250,196.90,Sell
01/06/2025,20:08:11,AAPL,250,244.65,Sell
01/06/2025,20:08:11,GOOG,250,196.96,Sell
01/06/2025,20:09:10,AAPL,250,244.71,Buy
01/06/2025,20:10:11,GOOG,250,197.03,Buy
01/06/2025,20:10:11,AAPL,250,244.68,Sell
01/06/2025,20:11:11,AAPL,250,244.73,Buy
01/06/2025,20:14:11,GOOG,250,197.19,Buy
01/06/2025,20:14:11,AMZN,250,226.41,Sell
01/06/2025,20:15:11,GOOG,250,197.08,Buy
01/06/2025,20:15:11,AMZN,250,226.32,Buy
01/06/2025,20:16:11,AMZN,250,226.34,Sell
01/06/2025,20:19:11,AMZN,250,226.38,Sell
01/06/2025,20:20:11,AAPL,250,244.75,Sell
01/06/2025,20:22:11,AAPL,250,244.77,Buy
01/06/2025,20:24:11,AAPL,250,244.88,Sell
01/06/2025,20:25:11,GOOG,250,197.49,Sell
01/06/2025,20:25:11,AAPL,250,244.93,Buy
01/06/2025,20:26:11,AAPL,250,244.89,Sell
01/06/2025,20:27:11,AAPL,250,244.87,Buy
01/06/2025,20:29:11,GOOG,250,197.29,Sell
01/06/2025,20:30:11,GOOG,250,197.36,Sell
01/06/2025,20:30:11,AMZN,250,226.97,Sell
01/06/2025,20:32:11,GOOG,250,197.40,Buy
01/06/2025,20:34:09,GOOG,250,197.23,Buy
01/06/2025,20:37:11,AAPL,250,244.97,Sell
01/06/2025,20:38:11,AAPL,250,244.91,Buy
01/06/2025,20:40:11,AAPL,250,244.80,Sell
01/06/2025,20:42:11,AAPL,250,244.75,Buy
01/06/2025,20:42:11,AAPL,250,244.74,Sell
01/06/2025,20:43:11,AAPL,250,244.66,Buy
01/06/2025,20:44:11,GOOG,250,197.17,Buy
01/06/2025,20:47:11,GOOG,250,197.43,Sell
01/06/2025,20:48:11,GOOG,250,197.40,Buy
01/06/2025,20:49:11,GOOG,250,197.32,Sell
01/06/2025,20:53:10,MSFT,250,427.64,Buy
01/06/2025,20:53:11,AAPL,250,245.21,Sell
01/06/2025,20:57:11,AAPL,250,244.81,Sell
01/06/2025,20:58:11,AAPL,250,244.85,Sell
01/06/2025,20:59:11,GOOG,250,197.95,Sell
01/06/2025,21:02:28,GOOG,250,197.91,Sell
01/06/2025,21:08:11,MSFT,250,427.80,Sell
01/06/2025,21:08:43,AAPL,250,244.80,Buy
01/06/2025,21:08:43,AAPL,250,244.80,Buy
01/06/2025,21:08:59,GOOG,250,198.06,Buy
01/06/2025,21:09:02,AMZN,250,227.88,Buy
01/06/2025,21:11:06,AAPL,250,244.80,Buy
01/06/2025,21:17:10,META,250,632.80,Sell
01/06/2025,21:22:11,AMZN,250,227.89,Buy
01/06/2025,21:23:37,AMZN,250,227.72,Sell
01/06/2025,21:24:03,GOOG,250,198.13,Buy
01/06/2025,21:24:03,GOOG,250,197.97,Sell
01/06/2025,21:24:07,AAPL,250,244.60,Sell
01/06/2025,21:25:06,AAPL,250,244.67,Sell
01/06/2025,21:26:03,AAPL,250,244.69,Sell
01/06/2025,21:28:09,META,250,634.33,Sell
01/06/2025,21:28:51,GOOG,250,198.00,Buy
01/06/2025,21:30:11,AMZN,250,227.77,Buy
01/06/2025,21:30:11,AMZN,250,227.77,Buy
01/06/2025,21:31:41,META,250,634.99,Buy
01/06/2025,21:33:25,GOOG,250,197.89,Buy
01/06/2025,21:36:02,GOOG,250,197.86,Sell
01/06/2025,21:36:58,AMZN,250,227.70,Sell
01/06/2025,21:39:04,META,250,635.10,Sell
01/06/2025,21:42:14,GOOG,250,197.94,Buy
01/06/2025,21:42:14,GOOG,250,197.86,Sell
01/06/2025,21:42:50,META,250,635.21,Buy
01/06/2025,21:43:47,AMZN,250,227.69,Buy
01/06/2025,21:44:55,AMZN,250,227.61,Sell
01/06/2025,21:46:00,AMZN,250,227.68,Buy
01/06/2025,21:46:00,AMZN,250,227.61,Sell
01/06/2025,21:46:32,AMZN,250,227.77,Buy
01/06/2025,21:49:06,GOOG,250,198.50,Sell
01/06/2025,21:54:10,META,250,636.12,Sell
01/06/2025,21:54:10,META,250,636.49,Buy
01/06/2025,21:57:55,AMZN,250,227.76,Sell
01/06/2025,21:58:07,META,250,636.63,Sell
01/06/2025,21:58:15,GOOG,250,198.50,Sell
01/06/2025,22:00:43,GOOG,250,198.81,Buy
01/06/2025,22:01:00,AMZN,250,227.76,Sell
01/06/2025,22:02:00,AMZN,250,227.75,Sell
01/06/2025,22:02:51,AMZN,250,227.79,Buy
01/06/2025,22:04:26,GOOG,250,198.58,Buy
01/06/2025,22:07:08,AAPL,250,244.68,Buy
01/06/2025,22:08:55,META,250,634.64,Buy
01/06/2025,22:11:12,AAPL,250,244.65,Buy
01/06/2025,22:12:54,META,250,634.38,Buy
01/06/2025,22:16:31,AMZN,250,227.61,Sell
01/06/2025,22:17:32,GOOG,250,198.22,Sell
01/06/2025,22:20:05,AMZN,250,227.65,Buy
01/06/2025,22:21:14,AMZN,250,227.69,Buy
01/06/2025,22:21:29,GOOG,250,198.36,Sell
01/06/2025,22:22:07,AAPL,250,244.60,Sell
01/06/2025,22:27:00,AAPL,250,244.60,Sell
01/06/2025,22:34:11,AMZN,250,227.65,Sell
01/06/2025,22:34:52,GOOG,250,198.50,Buy
01/06/2025,22:36:36,AMZN,250,227.66,Sell
01/06/2025,22:39:03,MSFT,250,428.43,Buy
01/06/2025,22:41:10,AAPL,250,244.70,Buy
01/06/2025,22:41:49,AMZN,250,227.77,Buy
01/06/2025,22:42:09,AAPL,250,244.65,Buy
01/06/2025,22:46:09,AAPL,250,244.69,Buy
01/06/2025,22:49:42,GOOG,250,198.36,Sell
01/06/2025,22:53:40,MSFT,250,428.04,Sell
01/06/2025,22:55:07,AMZN,250,227.76,Buy
01/06/2025,22:56:00,AMZN,250,227.62,Sell
01/06/2025,22:56:05,AAPL,250,244.52,Sell
01/06/2025,22:56:32,AAPL,250,244.60,Buy
01/06/2025,22:56:32,AAPL,250,244.55,Sell
01/06/2025,22:57:09,GOOG,250,198.47,Buy
01/06/2025,23:00:46,AAPL,250,244.60,Sell
01/06/2025,23:10:09,AMZN,250,227.63,Sell
01/06/2025,23:11:44,GOOG,250,198.13,Sell
01/06/2025,23:12:04,AAPL,250,244.60,Sell
01/06/2025,23:20:31,MSFT,250,428.78,Buy
01/06/2025,23:23:57,MSFT,250,428.66,Buy
01/06/2025,23:23:57,MSFT,250,428.66,Buy
01/06/2025,23:27:22,GOOG,250,198.20,Buy
01/06/2025,23:35:53,MSFT,250,428.38,Sell
01/06/2025,23:38:34,MSFT,250,428.38,Sell
01/06/2025,23:38:34,MSFT,250,428.38,Sell
01/06/2025,23:43:09,GOOG,250,198.30,Buy
01/06/2025,23:43:09,GOOG,250,198.13,Sell
01/06/2025,23:44:44,GOOG,250,198.30,Buy
01/06/2025,23:45:41,GOOG,250,198.30,Buy
01/06/2025,23:46:11,MSFT,250,428.50,Buy
01/06/2025,23:56:16,GOOG,250,198.13,Sell
01/06/2025,23:58:53,GOOG,250,198.13,Sell
01/07/2025,00:00:15,GOOG,250,198.16,Sell
01/07/2025,00:00:38,MSFT,250,428.38,Sell
01/07/2025,00:00:38,MSFT,250,428.38,Sell
01/07/2025,00:01:04,META,250,633.42,Sell
01/07/2025,00:01:04,META,250,633.42,Sell
01/07/2025,00:03:10,META,250,633.27,Sell
01/07/2025,00:05:43,AAPL,250,244.80,Buy
01/07/2025,00:06:13,AAPL,250,244.75,Buy
01/07/2025,00:10:10,MSFT,250,428.34,Sell
01/07/2025,00:11:35,AAPL,250,244.75,Buy
01/07/2025,00:12:05,MSFT,250,428.23,Sell
01/07/2025,00:15:27,META,250,633.40,Buy
01/07/2025,00:15:58,MSFT,250,428.78,Buy
01/07/2025,00:17:10,META,250,633.39,Buy
01/07/2025,00:17:43,META,250,633.10,Sell
01/07/2025,00:17:43,META,250,633.30,Buy
01/07/2025,00:20:30,AAPL,250,244.70,Sell
01/07/2025,00:20:57,META,250,633.10,Sell
01/07/2025,00:21:18,MSFT,250,428.34,Sell
01/07/2025,00:21:31,AAPL,250,244.70,Sell
01/07/2025,00:24:01,AAPL,250,244.70,Sell
01/07/2025,00:24:31,MSFT,250,428.60,Buy
01/07/2025,00:24:59,META,250,633.10,Sell
01/07/2025,00:25:44,MSFT,250,428.60,Buy
01/07/2025,00:28:03,AAPL,250,244.72,Buy
01/07/2025,00:29:05,MSFT,250,428.34,Sell
01/07/2025,00:29:11,AAPL,250,244.72,Buy
01/07/2025,00:29:11,AAPL,250,244.72,Buy
01/07/2025,00:31:05,MSFT,250,428.45,Sell
01/07/2025,00:33:08,META,250,633.40,Buy
01/07/2025,00:33:37,META,250,633.10,Sell
01/07/2025,00:35:49,META,250,633.40,Buy
01/07/2025,00:36:26,MSFT,250,428.60,Buy
01/07/2025,00:38:51,META,250,633.12,Sell
01/07/2025,00:39:53,GOOG,250,198.30,Buy
01/07/2025,00:39:59,META,250,633.54,Buy
01/07/2025,00:40:54,META,250,633.18,Sell
01/07/2025,00:42:28,AAPL,250,244.75,Sell
01/07/2025,00:44:06,MSFT,250,428.50,Sell
01/07/2025,00:44:06,MSFT,250,428.55,Buy
01/07/2025,00:44:11,AAPL,250,244.80,Sell
01/07/2025,00:45:01,AAPL,250,244.90,Buy
01/07/2025,00:45:01,AAPL,250,244.85,Sell
01/07/2025,00:45:33,AAPL,250,244.95,Buy
01/07/2025,00:45:45,MSFT,250,428.60,Buy
01/07/2025,00:46:46,AAPL,250,244.95,Buy
01/07/2025,00:48:14,META,250,633.77,Buy
01/07/2025,00:51:11,META,250,633.35,Sell
01/07/2025,00:53:39,META,250,634.00,Buy
01/07/2025,00:54:54,META,250,632.35,Sell
01/07/2025,00:55:07,GOOG,250,198.20,Sell
01/07/2025,00:55:55,META,250,632.00,Buy
01/07/2025,00:57:07,META,250,631.03,Sell
01/07/2025,00:59:42,GOOG,250,198.30,Buy
01/07/2025,00:59:42,GOOG,250,198.13,Sell
01/07/2025,00:59:55,MSFT,250,428.01,Sell
01/07/2025,00:59:55,MSFT,250,428.60,Buy
01/07/2025,00:59:55,MSFT,250,428.60,Buy
01/07/2025,00:59:55,AAPL,250,244.90,Sell
01/07/2025,00:59:55,AAPL,250,244.90,Sell
01/07/2025,00:59:55,AAPL,250,244.90,Sell
01/07/2025,00:59:59,META,250,632.28,Buy
01/07/2025,00:59:59,META,250,632.28,Buy
01/07/2025,00:59:59,META,250,632.28,Buy
01/07/2025,09:00:26,META,250,632.10,Sell
01/07/2025,09:01:50,MSFT,250,428.54,Sell
01/07/2025,09:02:09,META,250,632.11,Sell
01/07/2025,09:03:04,META,250,632.10,Sell
01/07/2025,09:03:09,AAPL,250,244.63,Buy
01/07/2025,09:03:11,MSFT,250,428.17,Sell
01/07/2025,09:03:58,AAPL,250,244.66,Buy
01/07/2025,09:05:02,AAPL,250,244.74,Buy
01/07/2025,09:10:05,MSFT,250,429.30,Sell
01/07/2025,09:16:03,META,250,631.10,Buy
01/07/2025,09:17:09,META,250,631.10,Buy
01/07/2025,09:17:09,GOOG,250,197.84,Buy
01/07/2025,09:17:10,MSFT,250,429.50,Buy
01/07/2025,09:18:02,META,250,631.10,Buy
01/07/2025,09:18:08,AAPL,250,244.58,Sell
01/07/2025,09:18:10,MSFT,250,429.32,Sell
01/07/2025,09:18:10,MSFT,250,429.89,Buy
01/07/2025,09:18:25,META,250,630.31,Sell
01/07/2025,09:19:09,AAPL,250,244.59,Sell
01/07/2025,09:19:09,MSFT,250,429.33,Sell
01/07/2025,09:20:05,AAPL,250,244.58,Sell
01/07/2025,09:20:11,GOOG,250,197.92,Buy
01/07/2025,09:24:11,META,250,628.53,Sell
01/07/2025,09:25:02,MSFT,250,429.90,Buy
01/07/2025,09:25:08,AAPL,250,244.84,Buy
01/07/2025,09:27:03,META,250,627.30,Sell
01/07/2025,09:27:10,AAPL,250,244.70,Buy
01/07/2025,09:28:08,AAPL,250,244.70,Buy
01/07/2025,09:31:05,MSFT,250,429.40,Sell
01/07/2025,09:32:04,GOOG,250,197.96,Sell
01/07/2025,09:33:10,MSFT,250,429.84,Buy
01/07/2025,09:34:11,META,250,628.00,Buy
01/07/2025,09:34:11,MSFT,250,429.70,Buy
01/07/2025,09:35:10,GOOG,250,198.05,Sell
01/07/2025,09:37:57,MSFT,250,429.50,Sell
01/07/2025,09:39:06,META,250,628.72,Buy
01/07/2025,09:39:25,MSFT,250,429.30,Sell
01/07/2025,09:40:10,AAPL,250,244.25,Sell
01/07/2025,09:40:53,META,250,627.51,Sell
01/07/2025,09:40:53,META,250,627.51,Sell
01/07/2025,09:40:53,META,250,628.00,Buy
01/07/2025,09:42:00,AAPL,250,244.26,Sell
01/07/2025,09:43:10,AAPL,250,244.31,Sell
01/07/2025,09:46:09,MSFT,250,429.41,Buy
01/07/2025,09:46:10,META,250,627.28,Sell
01/07/2025,09:48:11,AAPL,250,244.44,Buy
01/07/2025,09:51:11,MSFT,250,428.59,Sell
01/07/2025,09:53:08,MSFT,250,429.00,Buy
01/07/2025,09:55:11,MSFT,250,429.00,Buy
01/07/2025,09:55:48,META,250,626.20,Buy
01/07/2025,09:57:05,META,250,626.00,Sell
01/07/2025,09:57:05,META,250,626.50,Buy
01/07/2025,10:00:08,META,250,626.01,Sell
01/07/2025,10:01:02,META,250,626.77,Buy
01/07/2025,10:03:10,AAPL,250,244.18,Sell
01/07/2025,10:06:11,GOOG,250,197.41,Buy
01/07/2025,10:06:11,MSFT,250,429.14,Buy
01/07/2025,10:09:11,META,250,625.55,Sell
01/07/2025,10:09:56,AAPL,250,244.40,Buy
01/07/2025,10:10:09,GOOG,250,197.50,Buy
01/07/2025,10:12:08,META,250,626.50,Buy
01/07/2025,10:12:26,MSFT,250,429.00,Sell
01/07/2025,10:12:49,META,250,626.62,Sell
01/07/2025,10:14:08,MSFT,250,429.26,Sell
01/07/2025,10:15:07,META,250,627.50,Buy
01/07/2025,10:19:52,MSFT,250,429.36,Sell
01/07/2025,10:19:56,AAPL,250,244.61,Buy
01/07/2025,10:21:10,GOOG,250,197.78,Sell
01/07/2025,10:21:10,AAPL,250,244.70,Buy
01/07/2025,10:24:11,META,250,626.00,Buy
01/07/2025,10:24:18,AAPL,250,244.57,Sell
01/07/2025,10:25:00,GOOG,250,197.83,Sell
01/07/2025,10:26:10,AAPL,250,244.70,Buy
01/07/2025,10:28:07,META,250,626.00,Buy
01/07/2025,10:28:09,MSFT,250,429.75,Buy
01/07/2025,10:29:07,MSFT,250,429.61,Sell
01/07/2025,10:29:07,MSFT,250,429.74,Buy
01/07/2025,10:29:52,MSFT,250,429.55,Sell
01/07/2025,10:34:41,MSFT,250,429.89,Buy
01/07/2025,10:34:44,AAPL,250,244.60,Sell
