Date,Time,Symbol,Quantity,Price,Side
10/01/2024,13:32:11,AAPL,250,228.45,Sell
10/01/2024,13:33:11,AAPL,250,227.90,Sell
10/01/2024,13:36:11,META,250,579.72,Buy
10/01/2024,13:36:11,MSFT,250,425.72,Buy
10/01/2024,13:37:11,MSFT,250,425.61,Buy
10/01/2024,13:38:11,META,250,577.21,Buy
10/01/2024,13:38:11,MSFT,250,424.02,Buy
10/01/2024,13:39:10,META,250,576.98,Buy
10/01/2024,13:39:11,AAPL,250,226.55,Buy
10/01/2024,13:47:11,AAPL,250,226.57,Buy
10/01/2024,13:48:11,AAPL,250,226.46,Buy
10/01/2024,13:48:11,AAPL,250,226.46,Buy
10/01/2024,13:49:11,AAPL,250,226.37,Buy
10/01/2024,13:51:11,MSFT,250,421.49,Sell
10/01/2024,13:51:11,META,250,575.50,Sell
10/01/2024,13:52:11,META,250,575.01,Buy
10/01/2024,13:52:11,MSFT,250,421.33,Sell
10/01/2024,13:53:10,META,250,575.50,Sell
10/01/2024,13:53:11,MSFT,250,421.68,Sell
10/01/2024,13:54:11,META,250,575.36,Buy
10/01/2024,13:54:11,META,250,575.58,Sell
10/01/2024,13:54:11,AAPL,250,225.80,Sell
10/01/2024,13:55:11,AAPL,250,225.85,Buy
10/01/2024,13:55:11,META,250,574.50,Buy
10/01/2024,14:03:11,AAPL,250,225.64,Sell
10/01/2024,14:04:11,AAPL,250,225.78,Sell
10/01/2024,14:07:11,META,250,579.45,Sell
10/01/2024,14:09:11,META,250,578.81,Sell
10/01/2024,14:10:11,AAPL,250,225.53,Sell
10/01/2024,14:10:11,META,250,577.22,Sell
10/01/2024,14:12:11,META,250,575.63,Buy
10/01/2024,14:13:11,META,250,576.35,Buy
10/01/2024,14:14:11,META,250,576.40,Buy
10/01/2024,14:27:11,META,250,576.61,Sell
10/01/2024,14:28:11,META,250,575.99,Sell
10/01/2024,14:29:11,META,250,575.29,Sell
10/01/2024,15:09:11,META,250,572.16,Buy
10/01/2024,15:10:11,META,250,571.20,Buy
10/01/2024,15:11:11,META,250,571.37,Buy
10/01/2024,15:24:10,META,250,571.46,Sell
10/01/2024,15:25:10,META,250,570.88,Sell
10/01/2024,15:26:08,META,250,571.64,Sell
10/01/2024,17:59:11,AAPL,250,225.03,Sell
10/01/2024,18:14:11,AAPL,250,225.42,Buy
10/01/2024,19:09:11,AAPL,250,225.86,Sell
10/01/2024,19:21:11,AAPL,250,226.00,Sell
10/01/2024,19:24:11,AAPL,250,226.11,Buy
10/01/2024,19:36:11,AAPL,250,225.94,Buy
10/02/2024,13:30:11,MSFT,250,421.36,Sell
10/02/2024,13:44:11,META,250,570.23,Buy
10/02/2024,13:45:11,META,250,570.25,Buy
10/02/2024,13:45:11,MSFT,250,417.27,Buy
10/02/2024,13:46:11,META,250,570.37,Buy
10/02/2024,13:59:10,META,250,571.70,Sell
10/02/2024,14:00:06,META,250,571.24,Sell
10/02/2024,14:01:11,META,250,571.84,Sell
10/02/2024,14:01:11,META,250,571.84,Sell
10/02/2024,14:03:11,MSFT,250,418.74,Sell
10/02/2024,14:04:11,MSFT,250,418.91,Sell
10/02/2024,14:05:11,META,250,571.83,Sell
10/02/2024,14:16:11,META,250,570.67,Buy
10/02/2024,14:18:11,MSFT,250,418.02,Buy
10/02/2024,14:19:11,META,250,572.65,Sell
10/02/2024,14:19:11,MSFT,250,418.14,Buy
10/02/2024,14:20:11,META,250,573.57,Sell
10/02/2024,14:20:11,META,250,572.93,Buy
10/02/2024,14:21:11,META,250,572.85,Sell
10/02/2024,14:34:10,META,250,572.91,Buy
10/02/2024,14:35:10,META,250,572.37,Buy
10/02/2024,14:36:11,META,250,573.00,Buy
10/02/2024,16:04:08,META,250,574.36,Sell
10/02/2024,16:05:10,META,250,574.41,Sell
10/02/2024,16:06:11,META,250,574.66,Sell
10/02/2024,16:19:10,META,250,574.73,Buy
10/02/2024,16:20:11,META,250,573.94,Buy
10/02/2024,16:21:09,META,250,574.11,Buy
10/02/2024,17:51:09,META,250,573.75,Sell
10/02/2024,17:52:10,META,250,573.81,Sell
10/02/2024,17:53:03,META,250,573.97,Sell
10/02/2024,18:06:11,META,250,574.01,Buy
10/02/2024,18:07:11,META,250,573.90,Buy
10/02/2024,18:08:09,META,250,573.99,Buy
10/02/2024,19:34:10,META,250,573.55,Sell
10/02/2024,19:35:09,META,250,573.78,Sell
10/02/2024,19:36:11,META,250,573.97,Sell
10/02/2024,19:49:09,META,250,573.82,Buy
10/02/2024,19:50:11,META,250,573.82,Sell
10/02/2024,19:50:11,META,250,573.65,Buy
10/02/2024,19:51:11,META,250,574.02,Sell
10/02/2024,19:51:11,META,250,573.82,Buy
10/02/2024,19:52:06,META,250,574.24,Sell
10/02/2024,20:05:10,META,250,572.84,Buy
10/02/2024,20:06:00,META,250,573.15,Buy
10/02/2024,20:07:01,META,250,572.84,Buy
10/03/2024,13:34:11,AAPL,250,225.75,Sell
10/03/2024,13:35:11,AAPL,250,225.77,Sell
10/03/2024,13:36:11,AAPL,250,226.01,Sell
10/03/2024,13:49:11,AAPL,250,226.15,Buy
10/03/2024,13:50:11,AAPL,250,226.12,Sell
10/03/2024,13:50:11,AAPL,250,226.09,Buy
10/03/2024,13:51:11,AAPL,250,226.38,Sell
10/03/2024,13:51:11,AAPL,250,226.35,Buy
10/03/2024,13:52:11,AAPL,250,226.28,Sell
10/03/2024,13:56:11,META,250,575.00,Sell
10/03/2024,14:05:11,AAPL,250,226.59,Buy
10/03/2024,14:06:11,AAPL,250,226.52,Buy
10/03/2024,14:07:11,AAPL,250,226.58,Buy
10/03/2024,14:11:11,META,250,575.64,Buy
10/03/2024,14:35:11,META,250,575.06,Sell
10/03/2024,14:36:11,META,250,574.66,Sell
10/03/2024,14:37:11,META,250,574.22,Sell
10/03/2024,14:50:11,META,250,574.41,Buy
10/03/2024,14:51:11,META,250,575.04,Sell
10/03/2024,14:51:11,META,250,574.83,Buy
10/03/2024,14:52:11,META,250,575.91,Sell
10/03/2024,14:52:11,META,250,575.59,Buy
10/03/2024,14:53:10,META,250,576.18,Sell
10/03/2024,15:06:11,META,250,575.44,Buy
10/03/2024,15:07:11,META,250,576.04,Sell
10/03/2024,15:07:11,META,250,575.83,Buy
10/03/2024,15:08:11,META,250,575.23,Sell
10/03/2024,15:08:11,META,250,574.97,Buy
10/03/2024,15:09:11,META,250,576.15,Sell
10/03/2024,15:22:10,META,250,577.79,Buy
10/03/2024,15:23:11,META,250,578.50,Sell
10/03/2024,15:23:11,META,250,578.26,Buy
10/03/2024,15:24:11,META,250,578.50,Sell
10/03/2024,15:24:11,META,250,578.29,Buy
10/03/2024,15:25:10,META,250,578.34,Sell
10/03/2024,15:38:11,META,250,579.35,Buy
10/03/2024,15:39:11,META,250,579.48,Sell
10/03/2024,15:39:11,META,250,579.29,Buy
10/03/2024,15:40:11,META,250,579.76,Sell
10/03/2024,15:40:11,META,250,579.67,Buy
10/03/2024,15:41:10,META,250,581.17,Sell
10/03/2024,15:54:11,META,250,581.24,Buy
10/03/2024,15:55:11,META,250,581.47,Sell
10/03/2024,15:55:11,META,250,581.25,Buy
10/03/2024,15:56:11,META,250,580.97,Sell
10/03/2024,15:56:11,META,250,580.81,Buy
10/03/2024,15:57:11,META,250,580.78,Sell
10/03/2024,16:10:11,META,250,580.39,Buy
10/03/2024,16:11:11,META,250,580.57,Sell
10/03/2024,16:11:11,META,250,580.39,Buy
10/03/2024,16:12:10,META,250,580.68,Sell
10/03/2024,16:12:10,META,250,580.40,Buy
10/03/2024,16:26:11,META,250,580.61,Buy
10/03/2024,16:27:11,META,250,580.41,Buy
10/03/2024,16:36:11,META,250,580.64,Sell
10/03/2024,16:44:11,META,250,579.42,Sell
10/03/2024,16:45:10,META,250,579.60,Sell
10/03/2024,16:51:10,META,250,579.36,Buy
10/03/2024,16:52:10,META,250,579.55,Sell
10/03/2024,16:59:11,META,250,579.12,Buy
10/03/2024,17:00:11,META,250,579.09,Sell
10/03/2024,17:00:11,META,250,578.95,Buy
10/03/2024,17:01:11,META,250,578.99,Sell
10/03/2024,17:07:09,META,250,579.00,Buy
10/03/2024,17:08:11,META,250,579.55,Sell
10/03/2024,17:15:11,META,250,579.16,Buy
10/03/2024,17:16:11,META,250,579.25,Sell
10/03/2024,17:16:11,META,250,579.15,Buy
10/03/2024,17:21:10,META,250,580.35,Sell
10/03/2024,17:23:11,META,250,580.77,Buy
10/03/2024,17:24:11,META,250,581.40,Sell
10/03/2024,17:31:10,META,250,580.77,Buy
10/03/2024,17:36:10,META,250,580.27,Buy
10/03/2024,17:39:10,META,250,580.01,Buy
10/03/2024,19:58:11,AAPL,250,225.57,Sell
10/03/2024,19:59:11,AAPL,250,225.82,Sell
10/03/2024,20:13:01,AAPL,250,225.72,Buy
10/03/2024,20:13:46,AAPL,250,225.75,Buy
10/04/2024,13:30:11,META,250,584.24,Buy
10/04/2024,13:31:11,META,250,585.79,Buy
10/04/2024,13:32:11,META,250,584.60,Buy
10/04/2024,13:45:11,META,250,585.25,Sell
10/04/2024,13:46:11,META,250,585.45,Sell
10/04/2024,13:47:11,META,250,585.39,Sell
10/04/2024,14:01:11,META,250,584.53,Buy
10/04/2024,14:12:10,META,250,582.77,Buy
10/04/2024,14:13:11,META,250,583.98,Buy
10/04/2024,14:16:11,META,250,583.77,Sell
10/04/2024,14:27:11,META,250,584.09,Sell
10/04/2024,14:28:11,META,250,583.91,Sell
10/07/2024,13:32:11,MSFT,250,415.45,Sell
10/07/2024,13:32:11,GOOG,250,169.15,Sell
10/07/2024,13:33:11,GOOG,250,168.94,Sell
10/07/2024,13:33:11,MSFT,250,415.97,Sell
10/07/2024,13:34:11,MSFT,250,416.33,Sell
10/07/2024,13:34:11,META,250,601.73,Sell
10/07/2024,13:35:11,GOOG,250,168.97,Sell
10/07/2024,13:36:11,META,250,599.96,Sell
10/07/2024,13:37:11,META,250,600.27,Sell
10/07/2024,13:47:11,MSFT,250,415.31,Buy
10/07/2024,13:47:11,GOOG,250,167.96,Buy
10/07/2024,13:48:11,GOOG,250,167.84,Buy
10/07/2024,13:48:11,MSFT,250,415.01,Buy
10/07/2024,13:49:11,MSFT,250,414.87,Buy
10/07/2024,13:49:11,META,250,596.26,Buy
10/07/2024,13:50:11,GOOG,250,167.80,Buy
10/07/2024,13:50:11,MSFT,250,414.89,Sell
10/07/2024,13:51:11,META,250,595.16,Buy
10/07/2024,13:52:11,META,250,594.70,Buy
10/07/2024,13:57:11,META,250,596.32,Sell
10/07/2024,13:58:11,META,250,595.60,Sell
10/07/2024,13:59:11,META,250,595.44,Sell
10/07/2024,14:05:08,MSFT,250,415.20,Buy
10/07/2024,14:12:10,META,250,596.07,Buy
10/07/2024,14:13:11,META,250,596.30,Buy
10/07/2024,14:14:11,META,250,596.12,Buy
10/07/2024,14:20:11,MSFT,250,415.86,Sell
10/07/2024,14:21:11,MSFT,250,415.73,Sell
10/07/2024,14:23:11,MSFT,250,415.75,Sell
10/07/2024,14:35:10,MSFT,250,415.76,Buy
10/07/2024,14:36:11,META,250,597.07,Sell
10/07/2024,14:36:11,MSFT,250,415.98,Buy
10/07/2024,14:37:11,META,250,597.13,Sell
10/07/2024,14:38:09,META,250,597.31,Sell
10/07/2024,14:38:10,MSFT,250,416.11,Buy
10/07/2024,14:39:11,MSFT,250,416.20,Sell
10/07/2024,14:51:11,META,250,597.00,Buy
10/07/2024,14:52:10,META,250,597.29,Buy
10/07/2024,14:53:11,META,250,596.46,Buy
10/07/2024,14:54:11,MSFT,250,415.89,Buy
10/07/2024,15:08:10,META,250,594.72,Sell
10/07/2024,15:09:11,META,250,594.80,Sell
10/07/2024,15:10:11,META,250,594.75,Sell
10/07/2024,15:23:11,META,250,594.28,Buy
10/07/2024,15:24:05,META,250,594.55,Buy
10/07/2024,15:25:10,META,250,594.26,Buy
10/07/2024,16:24:06,META,250,594.63,Sell
10/07/2024,16:39:07,META,250,593.27,Buy
10/07/2024,19:07:09,META,250,585.24,Sell
10/07/2024,19:08:10,META,250,585.38,Sell
10/07/2024,19:09:10,META,250,585.72,Sell
10/07/2024,19:12:11,MSFT,250,409.95,Sell
10/07/2024,19:22:11,META,250,585.83,Buy
10/07/2024,19:23:11,META,250,586.25,Sell
10/07/2024,19:23:11,META,250,586.09,Buy
10/07/2024,19:24:11,META,250,586.45,Sell
10/07/2024,19:24:11,META,250,586.30,Buy
10/07/2024,19:25:11,META,250,586.34,Sell
10/07/2024,19:27:11,MSFT,250,410.27,Buy
10/07/2024,19:38:11,META,250,585.32,Buy
10/07/2024,19:39:10,META,250,584.93,Buy
10/07/2024,19:40:11,META,250,585.31,Buy
10/07/2024,19:52:11,META,250,585.96,Sell
10/07/2024,19:53:11,MSFT,250,409.98,Sell
10/07/2024,19:53:11,META,250,586.04,Sell
10/07/2024,19:54:11,META,250,586.38,Sell
10/07/2024,19:54:11,MSFT,250,410.04,Sell
10/07/2024,19:55:11,MSFT,250,409.87,Sell
10/07/2024,20:07:08,META,250,585.48,Buy
10/07/2024,20:07:41,META,250,585.48,Buy
10/07/2024,20:07:52,MSFT,250,409.53,Buy
10/07/2024,20:08:44,META,250,585.48,Buy
10/07/2024,20:09:11,MSFT,250,409.50,Buy
10/07/2024,20:10:09,MSFT,250,409.46,Buy
10/09/2024,13:32:11,AAPL,250,224.84,Buy
10/09/2024,13:34:11,META,250,592.17,Sell
10/09/2024,13:36:11,GOOG,250,165.70,Sell
10/09/2024,13:38:11,MSFT,250,415.65,Buy
10/09/2024,13:39:11,MSFT,250,415.64,Buy
10/09/2024,13:40:11,MSFT,250,416.22,Buy
10/09/2024,13:47:11,AAPL,250,225.95,Sell
10/09/2024,13:49:11,META,250,586.71,Buy
10/09/2024,13:51:11,GOOG,250,164.17,Buy
10/09/2024,13:53:11,MSFT,250,415.67,Sell
10/09/2024,13:54:11,MSFT,250,415.83,Sell
10/09/2024,13:55:11,MSFT,250,415.73,Sell
10/09/2024,14:27:11,META,250,587.04,Sell
10/09/2024,14:28:11,META,250,587.32,Sell
10/09/2024,14:29:11,META,250,587.53,Sell
10/09/2024,14:33:11,GOOG,250,163.35,Sell
10/09/2024,14:34:11,GOOG,250,163.37,Sell
10/09/2024,14:35:11,GOOG,250,163.31,Sell
10/09/2024,14:37:11,MSFT,250,417.69,Sell
10/09/2024,14:42:11,META,250,587.00,Buy
10/09/2024,14:43:11,META,250,586.70,Buy
10/09/2024,14:44:11,META,250,585.51,Buy
10/09/2024,14:48:10,GOOG,250,162.91,Buy
10/09/2024,14:49:11,GOOG,250,162.85,Buy
10/09/2024,14:50:11,GOOG,250,162.76,Buy
10/09/2024,14:52:11,MSFT,250,417.33,Buy
10/09/2024,15:01:11,MSFT,250,418.49,Sell
10/09/2024,15:02:11,MSFT,250,418.60,Sell
10/09/2024,15:03:11,MSFT,250,418.75,Sell
10/09/2024,15:16:11,MSFT,250,419.06,Buy
10/09/2024,15:17:11,MSFT,250,418.81,Buy
10/09/2024,15:18:11,MSFT,250,418.76,Buy
10/09/2024,15:24:05,META,250,588.83,Buy
10/09/2024,15:25:08,META,250,588.91,Buy
10/09/2024,15:26:07,META,250,588.97,Buy
10/09/2024,15:39:11,META,250,587.79,Sell
10/09/2024,15:40:09,META,250,587.49,Sell
10/09/2024,15:41:08,META,250,587.75,Sell
10/09/2024,15:43:11,MSFT,250,419.22,Sell
10/09/2024,15:44:11,MSFT,250,419.10,Sell
10/09/2024,15:55:11,MSFT,250,420.27,Sell
10/09/2024,15:58:10,MSFT,250,420.24,Buy
10/09/2024,15:59:11,MSFT,250,420.03,Buy
10/09/2024,16:10:11,MSFT,250,419.32,Buy
10/09/2024,16:32:11,MSFT,250,418.80,Sell
10/09/2024,16:33:11,MSFT,250,418.61,Sell
10/09/2024,16:34:11,MSFT,250,418.53,Sell
10/09/2024,16:47:11,MSFT,250,418.31,Buy
10/09/2024,16:48:11,MSFT,250,418.30,Buy
10/09/2024,16:49:11,MSFT,250,418.21,Buy
10/09/2024,17:10:11,META,250,588.00,Buy
10/09/2024,17:11:08,META,250,587.79,Buy
10/09/2024,17:12:11,META,250,587.95,Buy
10/09/2024,17:25:07,META,250,588.06,Sell
10/09/2024,17:26:11,META,250,588.00,Buy
10/09/2024,17:26:11,META,250,588.18,Sell
10/09/2024,17:26:11,MSFT,250,418.18,Sell
10/09/2024,17:27:11,META,250,588.34,Buy
10/09/2024,17:27:11,META,250,588.50,Sell
10/09/2024,17:27:11,MSFT,250,418.26,Sell
10/09/2024,17:28:11,MSFT,250,418.38,Sell
10/09/2024,17:28:11,META,250,588.65,Buy
10/09/2024,17:41:11,MSFT,250,418.08,Buy
10/09/2024,17:41:11,META,250,589.04,Sell
10/09/2024,17:42:11,MSFT,250,417.94,Buy
10/09/2024,17:42:11,META,250,588.50,Buy
10/09/2024,17:42:11,META,250,588.63,Sell
10/09/2024,17:43:10,MSFT,250,418.12,Buy
10/09/2024,17:43:11,META,250,588.40,Buy
10/09/2024,17:43:11,META,250,588.63,Sell
10/09/2024,17:44:10,META,250,588.65,Buy
10/09/2024,17:57:11,META,250,588.95,Sell
10/09/2024,17:58:11,META,250,589.20,Sell
10/09/2024,17:59:09,META,250,589.01,Sell
10/09/2024,18:02:11,META,250,589.10,Buy
10/09/2024,18:03:11,META,250,589.13,Buy
10/09/2024,18:04:11,META,250,589.04,Buy
10/09/2024,18:17:11,META,250,588.69,Sell
10/09/2024,18:18:11,META,250,588.85,Sell
10/09/2024,18:19:07,META,250,588.91,Sell
10/09/2024,18:24:11,META,250,589.92,Buy
10/09/2024,18:25:11,META,250,590.11,Buy
10/09/2024,18:26:11,META,250,590.61,Buy
10/09/2024,18:39:10,META,250,591.30,Sell
10/09/2024,18:40:11,META,250,591.18,Buy
10/09/2024,18:40:11,META,250,591.30,Sell
10/09/2024,18:41:11,META,250,591.38,Buy
10/09/2024,18:41:11,META,250,591.53,Sell
10/09/2024,18:42:11,META,250,591.49,Buy
10/09/2024,18:55:11,META,250,590.94,Sell
10/09/2024,18:56:11,META,250,590.75,Buy
10/09/2024,18:56:11,META,250,591.00,Sell
10/09/2024,18:57:10,META,250,590.78,Buy
10/09/2024,18:57:10,META,250,590.97,Sell
10/09/2024,19:11:11,META,250,589.09,Sell
10/09/2024,19:12:11,META,250,589.30,Sell
10/09/2024,19:20:11,GOOG,250,162.23,Sell
10/09/2024,19:21:11,GOOG,250,162.23,Sell
10/09/2024,19:22:11,GOOG,250,162.30,Sell
10/09/2024,19:35:11,GOOG,250,162.65,Buy
10/09/2024,19:36:11,META,250,591.14,Buy
10/09/2024,19:36:11,GOOG,250,162.71,Sell
10/09/2024,19:36:11,GOOG,250,162.70,Buy
10/09/2024,19:37:11,META,250,591.09,Buy
10/09/2024,19:37:11,GOOG,250,162.71,Sell
10/09/2024,19:37:11,GOOG,250,162.70,Buy
10/09/2024,19:38:11,META,250,591.04,Buy
10/09/2024,19:38:11,GOOG,250,162.77,Sell
10/09/2024,19:51:11,META,250,590.44,Sell
10/09/2024,19:51:11,GOOG,250,162.71,Buy
10/09/2024,19:52:11,META,250,590.95,Sell
10/09/2024,19:52:11,GOOG,250,162.81,Buy
10/09/2024,19:53:11,GOOG,250,162.81,Sell
10/09/2024,19:53:11,GOOG,250,162.80,Buy
10/09/2024,19:53:11,META,250,590.39,Sell
10/09/2024,19:54:11,GOOG,250,162.86,Sell
10/09/2024,19:55:11,GOOG,250,162.94,Sell
10/09/2024,20:07:41,GOOG,250,162.90,Buy
10/09/2024,20:08:53,GOOG,250,162.90,Buy
10/09/2024,20:10:11,GOOG,250,162.94,Buy
10/10/2024,13:35:11,META,250,588.62,Sell
10/10/2024,13:36:11,META,250,588.97,Sell
10/10/2024,13:38:11,META,250,588.55,Sell
10/10/2024,13:50:11,META,250,586.31,Buy
10/10/2024,13:51:11,META,250,587.96,Buy
10/10/2024,13:53:11,META,250,588.15,Buy
10/11/2024,13:33:11,META,250,583.91,Buy
10/11/2024,13:34:11,META,250,583.30,Buy
10/11/2024,13:35:09,META,250,584.06,Buy
10/11/2024,13:48:11,META,250,585.60,Sell
10/11/2024,13:49:11,META,250,585.30,Sell
10/11/2024,13:50:11,META,250,585.96,Sell
10/11/2024,15:09:10,META,250,585.11,Sell
10/11/2024,15:10:08,META,250,584.83,Sell
10/11/2024,15:11:10,META,250,584.77,Sell
10/11/2024,15:24:11,META,250,584.61,Buy
10/11/2024,15:25:11,META,250,584.79,Buy
10/11/2024,15:26:11,META,250,584.93,Buy
10/11/2024,15:33:11,META,250,585.50,Sell
10/11/2024,15:34:08,META,250,585.55,Sell
10/11/2024,15:36:11,META,250,585.21,Sell
10/11/2024,15:48:10,META,250,584.83,Buy
10/11/2024,15:49:11,META,250,585.20,Buy
10/11/2024,15:51:10,META,250,585.29,Buy
10/11/2024,15:57:11,META,250,586.53,Sell
10/11/2024,15:58:11,META,250,586.86,Sell
10/11/2024,15:59:11,META,250,587.06,Sell
10/11/2024,16:12:11,META,250,587.21,Buy
10/11/2024,16:13:11,META,250,586.87,Buy
10/11/2024,16:14:10,META,250,586.82,Buy
10/11/2024,19:13:11,META,250,590.25,Sell
10/11/2024,19:14:09,META,250,590.35,Sell
10/11/2024,19:28:11,META,250,590.73,Buy
10/11/2024,19:29:11,META,250,590.86,Buy
10/14/2024,13:32:11,MSFT,250,417.75,Buy
10/14/2024,13:32:11,META,250,594.10,Buy
10/14/2024,13:32:11,AAPL,250,229.15,Buy
10/14/2024,13:33:11,META,250,594.11,Buy
10/14/2024,13:33:11,MSFT,250,418.05,Buy
10/14/2024,13:34:11,MSFT,250,417.95,Buy
10/14/2024,13:34:11,META,250,591.70,Buy
10/14/2024,13:47:11,META,250,596.39,Sell
10/14/2024,13:47:11,AAPL,250,230.73,Sell
10/14/2024,13:47:11,MSFT,250,421.32,Sell
10/14/2024,13:48:11,MSFT,250,421.16,Sell
10/14/2024,13:48:11,META,250,595.59,Sell
10/14/2024,13:49:11,META,250,595.70,Sell
10/14/2024,13:49:11,MSFT,250,421.47,Sell
10/14/2024,18:18:11,MSFT,250,420.09,Sell
10/14/2024,18:20:11,MSFT,250,420.14,Sell
10/14/2024,18:21:11,MSFT,250,420.23,Sell
10/14/2024,18:33:11,MSFT,250,419.88,Buy
10/14/2024,18:35:11,MSFT,250,420.13,Buy
10/14/2024,18:36:11,MSFT,250,420.18,Buy
10/15/2024,13:30:11,AAPL,250,233.02,Buy
10/15/2024,13:31:11,AAPL,250,232.79,Buy
10/15/2024,13:45:11,AAPL,250,236.27,Sell
10/15/2024,13:46:09,META,250,589.50,Sell
10/15/2024,13:46:11,AAPL,250,236.36,Sell
10/15/2024,13:47:11,META,250,588.60,Sell
10/15/2024,13:48:10,META,250,588.15,Sell
10/15/2024,13:55:11,MSFT,250,421.06,Sell
10/15/2024,13:56:11,MSFT,250,421.14,Sell
10/15/2024,13:57:11,MSFT,250,421.26,Sell
10/15/2024,14:01:11,META,250,585.90,Buy
10/15/2024,14:02:11,META,250,587.10,Buy
10/15/2024,14:03:07,META,250,587.58,Buy
10/15/2024,14:07:11,META,250,586.69,Sell
10/15/2024,14:10:11,MSFT,250,420.35,Buy
10/15/2024,14:11:11,MSFT,250,420.03,Buy
10/15/2024,14:12:11,MSFT,250,420.05,Buy
10/15/2024,14:12:11,META,250,585.00,Sell
10/15/2024,14:20:11,META,250,583.23,Sell
10/15/2024,14:22:11,META,250,582.75,Buy
10/15/2024,14:23:11,META,250,583.25,Sell
10/15/2024,14:27:11,META,250,584.04,Buy
10/15/2024,14:35:11,META,250,581.93,Buy
10/15/2024,14:38:11,META,250,581.06,Buy
10/15/2024,14:48:11,META,250,582.47,Sell
10/15/2024,14:49:11,META,250,581.88,Sell
10/15/2024,14:50:11,META,250,582.60,Sell
10/15/2024,14:56:11,MSFT,250,417.51,Sell
10/15/2024,14:57:11,MSFT,250,417.59,Sell
10/15/2024,14:58:11,MSFT,250,417.13,Sell
10/15/2024,15:03:11,META,250,582.83,Buy
10/15/2024,15:04:11,META,250,582.44,Buy
10/15/2024,15:05:11,META,250,582.40,Buy
10/15/2024,15:11:11,MSFT,250,417.21,Buy
10/15/2024,15:12:11,MSFT,250,417.46,Buy
10/15/2024,15:13:11,MSFT,250,417.50,Buy
10/15/2024,15:16:11,MSFT,250,417.94,Sell
10/15/2024,15:17:11,MSFT,250,418.08,Sell
10/15/2024,15:18:11,MSFT,250,418.15,Sell
10/15/2024,15:31:11,MSFT,250,416.61,Buy
10/15/2024,15:32:11,MSFT,250,416.89,Buy
10/15/2024,15:33:11,MSFT,250,416.90,Buy
10/15/2024,15:37:11,META,250,584.03,Buy
10/15/2024,15:38:07,META,250,583.62,Buy
10/15/2024,15:39:11,META,250,583.37,Buy
10/15/2024,15:52:03,META,250,583.75,Sell
10/15/2024,15:53:11,META,250,583.64,Sell
10/15/2024,15:54:08,META,250,583.36,Sell
10/15/2024,16:03:11,META,250,583.71,Buy
10/15/2024,16:04:11,META,250,584.04,Buy
10/15/2024,16:05:11,META,250,584.14,Buy
10/15/2024,16:10:11,MSFT,250,417.01,Sell
10/15/2024,16:11:11,MSFT,250,416.87,Sell
10/15/2024,16:18:11,META,250,586.35,Sell
10/15/2024,16:19:09,META,250,586.44,Buy
10/15/2024,16:19:09,META,250,586.62,Sell
10/15/2024,16:20:11,META,250,586.83,Buy
10/15/2024,16:20:11,META,250,586.99,Sell
10/15/2024,16:21:11,META,250,586.42,Buy
10/15/2024,16:25:11,MSFT,250,416.27,Buy
10/15/2024,16:26:11,MSFT,250,416.30,Buy
10/15/2024,16:33:11,MSFT,250,417.21,Sell
10/15/2024,16:34:10,META,250,587.86,Sell
10/15/2024,16:34:11,MSFT,250,417.42,Sell
10/15/2024,16:35:11,META,250,587.72,Sell
10/15/2024,16:35:11,MSFT,250,417.22,Sell
10/15/2024,16:36:11,META,250,587.54,Buy
10/15/2024,16:36:11,META,250,587.65,Sell
10/15/2024,16:37:05,META,250,587.44,Buy
10/15/2024,16:39:10,META,250,587.48,Buy
10/15/2024,16:48:11,MSFT,250,416.62,Buy
10/15/2024,16:49:11,MSFT,250,416.64,Buy
10/15/2024,16:50:11,MSFT,250,416.62,Buy
10/15/2024,16:51:11,META,250,587.62,Sell
10/15/2024,16:52:04,META,250,587.53,Buy
10/15/2024,16:52:04,META,250,587.85,Sell
10/15/2024,16:53:09,META,250,587.39,Buy
10/15/2024,16:54:04,META,250,587.70,Sell
10/15/2024,16:55:11,META,250,587.29,Buy
10/15/2024,17:07:11,META,250,587.56,Sell
10/15/2024,17:08:10,META,250,587.17,Sell
10/15/2024,17:10:09,META,250,586.26,Sell
10/15/2024,17:43:11,MSFT,250,417.46,Sell
10/15/2024,17:44:10,MSFT,250,417.58,Sell
10/15/2024,17:45:11,MSFT,250,417.53,Sell
10/15/2024,17:46:10,META,250,587.37,Buy
10/15/2024,17:47:11,META,250,587.02,Buy
10/15/2024,17:48:11,META,250,587.03,Buy
10/15/2024,17:58:11,MSFT,250,417.09,Buy
10/15/2024,17:59:11,MSFT,250,417.19,Buy
10/15/2024,18:00:11,MSFT,250,417.02,Buy
10/15/2024,18:01:11,META,250,586.48,Sell
10/15/2024,18:02:11,META,250,586.63,Sell
10/15/2024,18:03:11,META,250,587.40,Sell
10/15/2024,18:05:11,META,250,587.05,Buy
10/15/2024,18:06:11,META,250,586.85,Buy
10/15/2024,18:07:10,META,250,586.80,Buy
10/15/2024,18:20:10,META,250,586.04,Sell
10/15/2024,18:21:10,META,250,586.47,Sell
10/15/2024,18:22:11,META,250,586.40,Sell
10/15/2024,18:22:11,MSFT,250,417.66,Sell
10/15/2024,18:37:11,MSFT,250,417.34,Buy
10/15/2024,19:59:11,META,250,586.05,Sell
10/15/2024,20:14:01,META,250,585.85,Buy
10/16/2024,14:05:11,AAPL,250,230.46,Sell
10/16/2024,14:13:11,AAPL,250,230.88,Sell
10/16/2024,14:14:11,AAPL,250,230.67,Sell
10/16/2024,14:17:11,MSFT,250,412.42,Sell
10/16/2024,14:18:11,MSFT,250,412.27,Sell
10/16/2024,14:20:11,AAPL,250,230.49,Buy
10/16/2024,14:26:11,AAPL,250,230.89,Sell
10/16/2024,14:28:11,AAPL,250,230.76,Buy
10/16/2024,14:29:11,AAPL,250,230.60,Sell
10/16/2024,14:29:11,AAPL,250,230.59,Buy
10/16/2024,14:30:11,AAPL,250,230.76,Sell
10/16/2024,14:32:11,MSFT,250,412.98,Buy
10/16/2024,14:33:11,MSFT,250,413.08,Buy
10/16/2024,14:41:11,AAPL,250,230.41,Buy
10/16/2024,14:44:11,AAPL,250,230.19,Buy
10/16/2024,14:45:11,AAPL,250,230.36,Buy
10/16/2024,14:57:11,AAPL,250,230.65,Sell
10/16/2024,15:00:11,AAPL,250,230.42,Sell
10/16/2024,15:08:11,AAPL,250,230.67,Sell
10/16/2024,15:11:11,META,250,576.34,Sell
10/16/2024,15:12:10,META,250,576.51,Sell
10/16/2024,15:12:11,AAPL,250,230.71,Buy
10/16/2024,15:13:11,AAPL,250,230.97,Sell
10/16/2024,15:15:11,AAPL,250,230.96,Buy
10/16/2024,15:16:11,AAPL,250,231.11,Sell
10/16/2024,15:23:11,AAPL,250,230.71,Buy
10/16/2024,15:26:11,META,250,576.00,Buy
10/16/2024,15:26:11,AAPL,250,230.51,Sell
10/16/2024,15:27:11,META,250,576.06,Buy
10/16/2024,15:28:10,AAPL,250,230.47,Buy
10/16/2024,15:29:11,AAPL,250,230.56,Sell
10/16/2024,15:31:11,AAPL,250,230.41,Buy
10/16/2024,15:38:11,AAPL,250,230.84,Sell
10/16/2024,15:41:11,AAPL,250,230.85,Buy
10/16/2024,15:44:11,AAPL,250,230.78,Buy
10/16/2024,15:47:11,AAPL,250,230.43,Sell
10/16/2024,15:49:11,AAPL,250,230.49,Sell
10/16/2024,15:53:11,AAPL,250,230.22,Buy
10/16/2024,16:02:11,AAPL,250,230.21,Buy
10/16/2024,16:04:11,AAPL,250,230.21,Buy
10/16/2024,16:10:11,AAPL,250,230.24,Sell
10/16/2024,16:11:11,MSFT,250,415.10,Sell
10/16/2024,16:12:11,MSFT,250,415.03,Sell
10/16/2024,16:13:11,MSFT,250,414.86,Sell
10/16/2024,16:25:11,AAPL,250,230.22,Buy
10/16/2024,16:26:10,MSFT,250,414.98,Buy
10/16/2024,16:27:11,MSFT,250,414.91,Buy
10/16/2024,16:28:11,MSFT,250,414.86,Buy
10/16/2024,16:34:11,AAPL,250,230.41,Sell
10/16/2024,16:35:11,AAPL,250,230.42,Sell
10/16/2024,16:36:11,AAPL,250,230.37,Sell
10/16/2024,16:49:11,AAPL,250,230.70,Buy
10/16/2024,16:50:11,AAPL,250,230.68,Buy
10/16/2024,16:51:11,AAPL,250,230.72,Buy
10/16/2024,16:57:11,META,250,576.03,Buy
10/16/2024,16:58:11,META,250,576.25,Buy
10/16/2024,16:59:10,META,250,576.28,Buy
10/16/2024,17:03:11,AAPL,250,231.09,Sell
10/16/2024,17:05:11,AAPL,250,231.19,Sell
10/16/2024,17:06:11,AAPL,250,231.14,Sell
10/16/2024,17:12:11,META,250,575.16,Sell
10/16/2024,17:13:08,META,250,575.23,Sell
10/16/2024,17:14:11,META,250,575.25,Sell
10/16/2024,17:18:11,AAPL,250,230.96,Buy
10/16/2024,17:20:11,AAPL,250,230.75,Buy
10/16/2024,17:21:11,AAPL,250,230.82,Buy
10/16/2024,18:12:01,META,250,575.63,Buy
10/16/2024,18:13:10,META,250,575.80,Buy
10/16/2024,18:14:11,META,250,575.64,Buy
10/16/2024,18:25:11,AAPL,250,231.26,Sell
10/16/2024,18:26:11,AAPL,250,231.08,Sell
10/16/2024,18:27:11,AAPL,250,231.16,Sell
10/16/2024,18:27:11,META,250,576.80,Sell
10/16/2024,18:28:10,META,250,576.80,Sell
10/16/2024,18:29:11,META,250,577.13,Sell
10/16/2024,18:40:11,AAPL,250,231.09,Buy
10/16/2024,18:41:11,AAPL,250,231.08,Buy
10/16/2024,18:42:10,AAPL,250,231.06,Buy
10/16/2024,18:54:11,AAPL,250,231.41,Sell
10/16/2024,18:55:10,META,250,577.71,Buy
10/16/2024,18:56:10,META,250,577.80,Buy
10/16/2024,18:57:11,META,250,577.82,Buy
10/16/2024,19:09:11,AAPL,250,231.36,Buy
10/16/2024,19:10:09,META,250,577.15,Sell
10/16/2024,19:11:10,META,250,577.68,Sell
10/16/2024,19:12:11,META,250,577.91,Sell
10/16/2024,19:14:11,AAPL,250,231.45,Sell
10/16/2024,19:15:11,AAPL,250,231.46,Sell
10/16/2024,19:29:11,AAPL,250,231.42,Buy
10/16/2024,19:30:11,AAPL,250,231.62,Buy
10/16/2024,19:33:11,AAPL,250,231.74,Sell
10/16/2024,19:34:11,AAPL,250,231.76,Sell
10/16/2024,19:35:11,AAPL,250,231.86,Sell
10/16/2024,19:48:11,AAPL,250,231.55,Buy
10/16/2024,19:49:11,AAPL,250,231.58,Sell
10/16/2024,19:49:11,AAPL,250,231.55,Buy
10/16/2024,19:50:11,AAPL,250,231.51,Sell
10/16/2024,19:50:11,AAPL,250,231.48,Buy
10/16/2024,19:51:11,AAPL,250,231.55,Sell
10/16/2024,19:56:11,MSFT,250,416.12,Sell
10/16/2024,19:57:11,META,250,576.54,Sell
10/16/2024,19:57:11,MSFT,250,415.99,Sell
10/16/2024,19:58:11,MSFT,250,416.11,Sell
10/16/2024,19:58:11,META,250,576.58,Sell
10/16/2024,19:59:11,META,250,576.44,Sell
10/16/2024,20:03:25,AAPL,250,231.49,Buy
10/16/2024,20:04:37,AAPL,250,231.55,Buy
10/16/2024,20:06:09,AAPL,250,231.55,Buy
10/16/2024,20:10:57,MSFT,250,416.26,Buy
10/16/2024,20:12:01,META,250,576.51,Buy
10/16/2024,20:12:08,MSFT,250,416.12,Buy
10/16/2024,20:12:12,MSFT,250,416.12,Buy
10/16/2024,20:13:10,META,250,576.52,Buy
10/16/2024,20:13:17,META,250,576.52,Buy
10/17/2024,13:38:11,AAPL,250,230.75,Buy
10/17/2024,13:40:11,AAPL,250,230.98,Buy
10/17/2024,13:44:11,AAPL,250,231.27,Buy
10/17/2024,13:53:11,AAPL,250,231.89,Sell
10/17/2024,13:55:11,AAPL,250,231.70,Sell
10/17/2024,13:59:11,AAPL,250,231.77,Sell
10/17/2024,14:27:11,MSFT,250,418.41,Sell
10/17/2024,14:42:11,MSFT,250,417.14,Buy
10/18/2024,13:30:11,AAPL,250,235.31,Buy
10/18/2024,13:45:11,AAPL,250,235.00,Sell
10/18/2024,14:30:11,MSFT,250,417.60,Sell
10/18/2024,14:45:11,MSFT,250,417.37,Buy
10/21/2024,14:07:11,META,250,573.44,Sell
10/21/2024,14:08:11,META,250,573.77,Sell
10/21/2024,14:09:10,META,250,573.76,Sell
10/21/2024,14:22:07,META,250,573.08,Buy
10/21/2024,14:23:10,META,250,572.56,Buy
10/21/2024,14:24:10,META,250,572.50,Buy
10/22/2024,13:33:11,MSFT,250,420.90,Buy
10/22/2024,13:43:11,GOOG,250,166.70,Sell
10/22/2024,13:44:10,GOOG,250,166.56,Sell
10/22/2024,13:45:11,GOOG,250,166.66,Sell
10/22/2024,13:48:11,MSFT,250,423.16,Sell
10/22/2024,13:58:11,GOOG,250,166.85,Buy
10/22/2024,13:59:11,GOOG,250,166.81,Buy
10/22/2024,14:00:11,GOOG,250,166.98,Buy
10/23/2024,13:32:11,AAPL,250,234.62,Sell
10/23/2024,13:33:11,AAPL,250,234.51,Sell
10/23/2024,13:33:11,META,250,583.54,Sell
10/23/2024,13:34:11,META,250,583.54,Sell
10/23/2024,13:34:11,AAPL,250,234.23,Sell
10/23/2024,13:34:11,AMZN,250,188.37,Sell
10/23/2024,13:35:11,AMZN,250,188.26,Sell
10/23/2024,13:35:11,META,250,582.23,Sell
10/23/2024,13:36:11,AMZN,250,188.38,Sell
10/23/2024,13:47:11,AAPL,250,234.55,Buy
10/23/2024,13:48:10,META,250,580.00,Buy
10/23/2024,13:48:11,AAPL,250,234.86,Buy
10/23/2024,13:49:11,META,250,579.97,Sell
10/23/2024,13:49:11,META,250,579.66,Buy
10/23/2024,13:49:11,AMZN,250,188.20,Buy
10/23/2024,13:49:11,AAPL,250,234.78,Buy
10/23/2024,13:50:11,META,250,579.03,Sell
10/23/2024,13:50:11,META,250,578.77,Buy
10/23/2024,13:50:11,AMZN,250,188.21,Sell
10/23/2024,13:50:11,AMZN,250,188.19,Buy
10/23/2024,13:51:11,AMZN,250,188.12,Sell
10/23/2024,13:51:11,AMZN,250,188.10,Buy
10/23/2024,13:52:11,AMZN,250,188.40,Sell
10/23/2024,14:04:11,META,250,577.67,Buy
10/23/2024,14:05:11,META,250,578.14,Buy
10/23/2024,14:05:11,AMZN,250,187.69,Buy
10/23/2024,14:06:11,AMZN,250,187.51,Sell
10/23/2024,14:06:11,AMZN,250,187.50,Buy
10/23/2024,14:07:11,AMZN,250,187.15,Sell
10/23/2024,14:07:11,AMZN,250,187.14,Buy
10/23/2024,14:08:11,AMZN,250,187.17,Sell
10/23/2024,14:21:11,AMZN,250,187.94,Buy
10/23/2024,14:22:11,AMZN,250,187.78,Sell
10/23/2024,14:22:11,AMZN,250,187.76,Buy
10/23/2024,14:23:11,AMZN,250,187.65,Sell
10/23/2024,14:23:11,AMZN,250,187.62,Buy
10/23/2024,14:27:11,AMZN,250,187.35,Sell
10/23/2024,14:37:11,AMZN,250,187.62,Buy
10/23/2024,14:38:11,AMZN,250,187.73,Sell
10/23/2024,14:38:11,AMZN,250,187.71,Buy
10/23/2024,14:39:11,AMZN,250,187.78,Sell
10/23/2024,14:42:11,AMZN,250,187.78,Buy
10/23/2024,14:53:11,META,250,580.41,Sell
10/23/2024,14:53:11,AMZN,250,187.80,Sell
10/23/2024,14:53:11,AMZN,250,187.78,Buy
10/23/2024,14:54:11,META,250,580.53,Sell
10/23/2024,14:54:11,AMZN,250,187.77,Sell
10/23/2024,14:54:11,AMZN,250,187.74,Buy
10/23/2024,14:55:11,AMZN,250,187.76,Sell
10/23/2024,14:57:11,MSFT,250,429.01,Sell
10/23/2024,14:59:11,MSFT,250,428.99,Sell
10/23/2024,15:00:11,MSFT,250,428.85,Sell
10/23/2024,15:08:09,META,250,578.66,Buy
10/23/2024,15:08:11,AMZN,250,187.46,Buy
10/23/2024,15:09:11,AMZN,250,187.42,Buy
10/23/2024,15:09:11,META,250,578.66,Buy
10/23/2024,15:10:11,AMZN,250,187.38,Buy
10/23/2024,15:12:11,MSFT,250,429.26,Buy
10/23/2024,15:13:11,MSFT,250,429.12,Sell
10/23/2024,15:13:11,AMZN,250,187.11,Sell
10/23/2024,15:14:11,AMZN,250,186.93,Sell
10/23/2024,15:14:11,MSFT,250,428.68,Buy
10/23/2024,15:15:11,AMZN,250,186.97,Sell
10/23/2024,15:15:11,MSFT,250,428.77,Sell
10/23/2024,15:15:11,MSFT,250,428.69,Buy
10/23/2024,15:16:11,MSFT,250,428.54,Sell
10/23/2024,15:28:11,AMZN,250,186.59,Buy
10/23/2024,15:28:11,MSFT,250,428.22,Buy
10/23/2024,15:29:11,MSFT,250,428.14,Sell
10/23/2024,15:29:11,AMZN,250,186.54,Sell
10/23/2024,15:29:11,AMZN,250,186.52,Buy
10/23/2024,15:30:11,AMZN,250,186.55,Sell
10/23/2024,15:30:11,AMZN,250,186.53,Buy
10/23/2024,15:30:11,MSFT,250,428.02,Buy
10/23/2024,15:31:11,AMZN,250,186.42,Sell
10/23/2024,15:31:11,MSFT,250,427.74,Buy
10/23/2024,15:37:11,MSFT,250,428.28,Sell
10/23/2024,15:38:11,MSFT,250,428.40,Sell
10/23/2024,15:44:11,AMZN,250,186.34,Buy
10/23/2024,15:44:11,MSFT,250,428.21,Buy
10/23/2024,15:45:11,MSFT,250,428.46,Sell
10/23/2024,15:45:11,AMZN,250,186.47,Buy
10/23/2024,15:46:11,AMZN,250,186.50,Sell
10/23/2024,15:46:11,AMZN,250,186.48,Buy
10/23/2024,15:47:11,AMZN,250,186.41,Sell
10/23/2024,15:49:11,AMZN,250,186.29,Sell
10/23/2024,15:52:10,MSFT,250,428.57,Buy
10/23/2024,15:53:11,MSFT,250,428.71,Sell
10/23/2024,15:53:11,MSFT,250,428.67,Buy
10/23/2024,15:54:11,MSFT,250,428.60,Sell
10/23/2024,16:00:11,MSFT,250,429.07,Buy
10/23/2024,16:01:11,AMZN,250,186.72,Buy
10/23/2024,16:02:11,AMZN,250,186.54,Sell
10/23/2024,16:02:11,AMZN,250,186.52,Buy
10/23/2024,16:04:11,AMZN,250,186.13,Buy
10/23/2024,16:05:11,AMZN,250,186.19,Sell
10/23/2024,16:06:11,AMZN,250,186.15,Sell
10/23/2024,16:08:11,MSFT,250,427.66,Buy
10/23/2024,16:09:11,MSFT,250,427.83,Buy
10/23/2024,16:13:11,MSFT,250,428.07,Sell
10/23/2024,16:15:11,MSFT,250,428.25,Sell
10/23/2024,16:16:11,MSFT,250,428.08,Sell
10/23/2024,16:17:11,AMZN,250,185.83,Buy
10/23/2024,16:18:11,AMZN,250,185.95,Sell
10/23/2024,16:20:11,AMZN,250,185.69,Buy
10/23/2024,16:21:11,AMZN,250,185.63,Sell
10/23/2024,16:21:11,AMZN,250,185.61,Buy
10/23/2024,16:22:11,AMZN,250,185.77,Sell
10/23/2024,16:28:11,MSFT,250,427.12,Buy
10/23/2024,16:30:11,MSFT,250,427.17,Buy
10/23/2024,16:31:11,MSFT,250,426.97,Buy
10/23/2024,16:33:10,AMZN,250,185.24,Buy
10/23/2024,16:34:11,AMZN,250,185.39,Sell
10/23/2024,16:36:11,AMZN,250,185.52,Buy
10/23/2024,16:37:11,AMZN,250,185.45,Sell
10/23/2024,16:37:11,AMZN,250,185.43,Buy
10/23/2024,16:38:11,AMZN,250,185.52,Sell
10/23/2024,16:44:11,MSFT,250,427.19,Sell
10/23/2024,16:45:11,MSFT,250,427.09,Sell
10/23/2024,16:46:11,MSFT,250,427.23,Sell
10/23/2024,16:49:11,AMZN,250,185.78,Buy
10/23/2024,16:52:11,AMZN,250,185.54,Buy
10/23/2024,16:53:11,AMZN,250,185.58,Buy
10/23/2024,16:59:11,MSFT,250,426.73,Buy
10/23/2024,17:00:11,MSFT,250,426.74,Sell
10/23/2024,17:00:11,MSFT,250,426.68,Buy
10/23/2024,17:01:11,MSFT,250,426.60,Buy
10/23/2024,17:05:11,AMZN,250,184.93,Sell
10/23/2024,17:06:11,AMZN,250,184.98,Sell
10/23/2024,17:07:11,AMZN,250,185.03,Sell
10/23/2024,17:15:11,MSFT,250,424.84,Buy
10/23/2024,17:20:11,AMZN,250,184.57,Buy
10/23/2024,17:21:11,AMZN,250,184.62,Sell
10/23/2024,17:21:11,AMZN,250,184.61,Buy
10/23/2024,17:22:11,AMZN,250,184.70,Sell
10/23/2024,17:22:11,AMZN,250,184.69,Buy
10/23/2024,17:24:11,AMZN,250,184.72,Sell
10/23/2024,17:36:11,AMZN,250,184.37,Buy
10/23/2024,17:37:11,AMZN,250,184.48,Buy
10/23/2024,17:39:11,AMZN,250,184.39,Buy
10/23/2024,17:48:11,MSFT,250,424.79,Sell
10/23/2024,17:49:11,MSFT,250,424.82,Sell
10/23/2024,17:50:11,MSFT,250,424.72,Sell
10/23/2024,18:03:11,MSFT,250,423.59,Buy
10/23/2024,18:04:11,MSFT,250,423.34,Buy
10/23/2024,18:05:11,MSFT,250,423.33,Buy
10/23/2024,18:26:11,AMZN,250,184.35,Sell
10/23/2024,18:27:11,AMZN,250,184.21,Sell
10/23/2024,18:28:11,MSFT,250,423.46,Sell
10/23/2024,18:28:11,AMZN,250,184.27,Sell
10/23/2024,18:29:11,MSFT,250,423.49,Sell
10/23/2024,18:30:11,MSFT,250,423.32,Sell
10/23/2024,18:37:11,META,250,563.86,Sell
10/23/2024,18:38:11,META,250,564.44,Sell
10/23/2024,18:39:11,META,250,564.50,Sell
10/23/2024,18:41:11,AMZN,250,184.60,Buy
10/23/2024,18:42:11,AMZN,250,184.67,Buy
10/23/2024,18:43:11,AMZN,250,184.60,Buy
10/23/2024,18:43:11,MSFT,250,424.32,Buy
10/23/2024,18:44:11,MSFT,250,424.27,Buy
10/23/2024,18:45:11,MSFT,250,424.55,Buy
10/23/2024,18:47:11,AMZN,250,184.77,Sell
10/23/2024,18:49:11,AMZN,250,184.74,Sell
10/23/2024,18:52:11,META,250,564.42,Buy
10/23/2024,18:53:11,META,250,564.00,Buy
10/23/2024,18:54:09,META,250,563.90,Buy
10/23/2024,19:02:11,AMZN,250,184.70,Buy
10/23/2024,19:04:11,AMZN,250,184.73,Buy
10/23/2024,19:15:10,META,250,563.67,Sell
10/23/2024,19:16:11,MSFT,250,424.35,Sell
10/23/2024,19:17:11,MSFT,250,424.46,Sell
10/23/2024,19:18:11,MSFT,250,424.36,Sell
10/23/2024,19:19:11,META,250,564.34,Sell
10/23/2024,19:20:11,META,250,564.40,Sell
10/23/2024,19:25:11,AMZN,250,184.66,Sell
10/23/2024,19:26:11,AMZN,250,184.72,Sell
10/23/2024,19:30:01,META,250,563.82,Buy
10/23/2024,19:31:11,META,250,563.91,Sell
10/23/2024,19:31:11,MSFT,250,424.38,Buy
10/23/2024,19:32:11,MSFT,250,424.45,Buy
10/23/2024,19:33:11,AMZN,250,184.59,Sell
10/23/2024,19:33:11,MSFT,250,424.70,Buy
10/23/2024,19:34:11,META,250,563.47,Buy
10/23/2024,19:35:10,META,250,564.12,Sell
10/23/2024,19:35:10,META,250,563.94,Buy
10/23/2024,19:36:11,META,250,564.38,Sell
10/23/2024,19:40:11,AMZN,250,184.89,Buy
10/23/2024,19:41:11,AMZN,250,184.76,Sell
10/23/2024,19:41:11,AMZN,250,184.75,Buy
10/23/2024,19:42:11,AMZN,250,184.71,Sell
10/23/2024,19:46:11,META,250,564.72,Buy
10/23/2024,19:47:11,META,250,564.26,Sell
10/23/2024,19:48:11,AMZN,250,184.73,Buy
10/23/2024,19:49:11,AMZN,250,184.73,Sell
10/23/2024,19:50:10,META,250,564.40,Buy
10/23/2024,19:51:11,META,250,564.61,Sell
10/23/2024,19:51:11,META,250,564.42,Buy
10/23/2024,19:52:11,META,250,563.53,Sell
10/23/2024,19:56:11,AMZN,250,184.65,Buy
10/23/2024,19:57:11,AMZN,250,184.66,Sell
10/23/2024,19:57:11,AMZN,250,184.65,Buy
10/23/2024,19:58:11,AMZN,250,184.68,Sell
10/23/2024,20:02:06,META,250,563.42,Buy
10/23/2024,20:03:52,AMZN,250,184.74,Buy
10/23/2024,20:06:09,META,250,564.21,Buy
10/23/2024,20:07:10,META,250,564.44,Buy
10/23/2024,20:12:10,AMZN,250,184.72,Buy
10/23/2024,20:13:09,AMZN,250,184.81,Buy
10/24/2024,13:31:11,AMZN,250,184.51,Buy
10/24/2024,13:44:11,GOOG,250,163.01,Buy
10/24/2024,13:45:11,GOOG,250,163.17,Buy
10/24/2024,13:46:11,AMZN,250,185.64,Sell
10/24/2024,13:59:11,GOOG,250,163.73,Sell
10/24/2024,14:00:11,GOOG,250,163.88,Sell
10/25/2024,13:30:11,MSFT,250,427.40,Buy
10/25/2024,13:32:11,MSFT,250,427.42,Buy
10/25/2024,13:32:11,AMZN,250,188.08,Buy
10/25/2024,13:33:11,META,250,573.23,Buy
10/25/2024,13:33:11,MSFT,250,427.64,Buy
10/25/2024,13:33:11,AMZN,250,188.33,Buy
10/25/2024,13:34:11,META,250,572.97,Buy
10/25/2024,13:34:11,AMZN,250,188.17,Buy
10/25/2024,13:35:11,META,250,572.31,Buy
10/25/2024,13:45:11,MSFT,250,430.72,Sell
10/25/2024,13:47:11,AMZN,250,189.04,Sell
10/25/2024,13:47:11,MSFT,250,431.12,Sell
10/25/2024,13:48:11,META,250,574.10,Sell
10/25/2024,13:48:11,MSFT,250,431.48,Sell
10/25/2024,13:48:11,AMZN,250,189.32,Sell
10/25/2024,13:49:11,AMZN,250,189.22,Sell
10/25/2024,13:49:11,META,250,574.01,Buy
10/25/2024,13:49:11,META,250,574.22,Sell
10/25/2024,13:50:11,META,250,574.20,Sell
10/25/2024,13:51:11,META,250,573.65,Buy
10/25/2024,14:04:08,META,250,576.53,Sell
10/25/2024,14:06:11,META,250,577.47,Sell
10/25/2024,15:02:11,MSFT,250,431.25,Sell
10/25/2024,15:03:11,MSFT,250,431.04,Sell
10/25/2024,15:04:11,MSFT,250,431.27,Sell
10/25/2024,15:17:11,MSFT,250,431.48,Buy
10/25/2024,15:18:11,MSFT,250,431.53,Buy
10/25/2024,15:19:11,MSFT,250,431.41,Buy
10/25/2024,17:56:11,MSFT,250,428.67,Sell
10/25/2024,18:11:11,MSFT,250,427.44,Buy
10/28/2024,13:34:11,META,250,580.61,Buy
10/28/2024,13:35:11,META,250,579.90,Buy
10/28/2024,13:36:11,META,250,578.00,Buy
10/28/2024,13:49:11,META,250,575.86,Sell
10/28/2024,13:50:11,META,250,575.87,Sell
10/28/2024,13:51:11,META,250,575.23,Sell
10/28/2024,14:41:11,MSFT,250,430.66,Sell
10/28/2024,14:42:11,MSFT,250,430.76,Sell
10/28/2024,14:43:11,MSFT,250,430.42,Sell
10/28/2024,14:56:11,MSFT,250,429.48,Buy
10/28/2024,14:57:11,MSFT,250,429.60,Buy
10/28/2024,14:58:11,MSFT,250,429.44,Buy
10/28/2024,15:52:11,MSFT,250,429.02,Sell
10/28/2024,15:53:11,MSFT,250,428.95,Sell
10/28/2024,16:07:11,MSFT,250,428.29,Buy
10/28/2024,16:08:11,MSFT,250,428.21,Buy
10/28/2024,16:20:11,MSFT,250,428.51,Sell
10/28/2024,16:22:11,MSFT,250,428.67,Sell
10/28/2024,16:24:11,MSFT,250,428.58,Sell
10/28/2024,16:35:11,MSFT,250,428.47,Buy
10/28/2024,16:37:11,MSFT,250,428.04,Buy
10/28/2024,16:39:11,MSFT,250,428.04,Buy
10/29/2024,13:32:11,AMZN,250,188.61,Buy
10/29/2024,13:32:11,MSFT,250,427.06,Buy
10/29/2024,13:32:11,GOOG,250,169.67,Buy
10/29/2024,13:33:11,MSFT,250,426.50,Buy
10/29/2024,13:33:11,AMZN,250,188.23,Buy
10/29/2024,13:33:11,GOOG,250,169.01,Buy
10/29/2024,13:34:11,AMZN,250,188.22,Buy
10/29/2024,13:34:11,GOOG,250,168.91,Buy
10/29/2024,13:34:11,MSFT,250,426.63,Buy
10/29/2024,13:36:11,META,250,576.55,Buy
10/29/2024,13:37:10,META,250,576.02,Buy
10/29/2024,13:38:11,META,250,576.77,Buy
10/29/2024,13:47:11,MSFT,250,427.94,Sell
10/29/2024,13:47:11,AMZN,250,188.59,Sell
10/29/2024,13:47:11,GOOG,250,169.70,Sell
10/29/2024,13:48:11,AMZN,250,188.38,Sell
10/29/2024,13:48:11,MSFT,250,427.79,Buy
10/29/2024,13:48:11,MSFT,250,427.87,Sell
10/29/2024,13:48:11,GOOG,250,169.68,Sell
10/29/2024,13:49:11,AMZN,250,188.10,Sell
10/29/2024,13:49:11,GOOG,250,169.47,Sell
10/29/2024,13:49:11,MSFT,250,427.16,Buy
10/29/2024,13:49:11,MSFT,250,427.26,Sell
10/29/2024,13:50:11,MSFT,250,427.25,Buy
10/29/2024,13:51:11,META,250,579.18,Sell
10/29/2024,13:52:10,META,250,578.85,Sell
10/29/2024,13:53:11,META,250,579.08,Sell
10/29/2024,14:03:11,MSFT,250,427.61,Sell
10/29/2024,14:04:11,MSFT,250,427.67,Sell
10/29/2024,14:05:11,MSFT,250,427.60,Sell
10/29/2024,15:30:11,META,250,588.09,Buy
10/29/2024,15:31:11,META,250,587.54,Buy
10/29/2024,15:32:11,META,250,587.75,Buy
10/29/2024,15:45:10,META,250,587.62,Sell
10/29/2024,15:46:07,META,250,587.64,Sell
10/29/2024,15:47:07,META,250,587.66,Sell
10/29/2024,19:14:11,GOOG,250,171.48,Buy
10/29/2024,19:15:11,GOOG,250,171.50,Buy
10/29/2024,19:16:11,GOOG,250,171.55,Buy
10/29/2024,19:29:11,GOOG,250,171.68,Sell
10/29/2024,19:30:11,GOOG,250,171.62,Sell
10/29/2024,19:31:11,GOOG,250,171.61,Sell
10/29/2024,19:55:11,GOOG,250,171.14,Buy
10/29/2024,19:56:11,GOOG,250,171.23,Buy
10/29/2024,19:57:11,GOOG,250,171.41,Buy
10/29/2024,20:10:11,GOOG,250,176.77,Sell
10/29/2024,20:11:10,GOOG,250,177.46,Sell
10/29/2024,20:12:11,GOOG,250,178.05,Sell
10/30/2024,13:36:11,GOOG,250,181.52,Buy
10/30/2024,13:39:11,GOOG,250,180.23,Buy
10/30/2024,13:40:11,GOOG,250,179.91,Buy
10/30/2024,13:51:11,GOOG,250,181.60,Sell
10/30/2024,13:54:11,GOOG,250,180.87,Sell
10/30/2024,13:55:11,GOOG,250,180.71,Sell
10/30/2024,13:57:11,MSFT,250,434.82,Sell
10/30/2024,13:58:11,MSFT,250,434.75,Sell
10/30/2024,14:01:11,META,250,595.87,Sell
10/30/2024,14:02:11,META,250,595.49,Sell
10/30/2024,14:03:11,META,250,595.83,Sell
10/30/2024,14:04:11,MSFT,250,436.01,Sell
10/30/2024,14:12:11,MSFT,250,436.01,Buy
10/30/2024,14:13:10,MSFT,250,436.42,Sell
10/30/2024,14:13:10,MSFT,250,436.35,Buy
10/30/2024,14:14:11,MSFT,250,436.41,Sell
10/30/2024,14:16:11,META,250,595.46,Buy
10/30/2024,14:17:11,META,250,594.71,Buy
10/30/2024,14:18:11,META,250,594.85,Buy
10/30/2024,14:19:11,MSFT,250,436.20,Buy
10/30/2024,14:28:11,MSFT,250,437.86,Buy
10/30/2024,14:29:11,MSFT,250,438.03,Buy
10/30/2024,14:33:11,META,250,596.60,Sell
10/30/2024,14:34:11,META,250,596.29,Sell
10/30/2024,14:42:10,META,250,597.93,Sell
10/30/2024,14:45:11,MSFT,250,437.94,Sell
10/30/2024,14:46:11,MSFT,250,437.72,Sell
10/30/2024,14:47:11,MSFT,250,437.61,Sell
10/30/2024,14:48:11,META,250,598.27,Buy
10/30/2024,14:49:10,META,250,598.48,Sell
10/30/2024,14:49:10,META,250,598.20,Buy
10/30/2024,14:50:11,META,250,598.92,Sell
10/30/2024,14:50:11,GOOG,250,180.81,Buy
10/30/2024,14:57:08,META,250,597.73,Buy
10/30/2024,15:00:11,MSFT,250,436.29,Buy
10/30/2024,15:01:11,MSFT,250,436.56,Buy
10/30/2024,15:02:11,MSFT,250,436.62,Sell
10/30/2024,15:02:11,MSFT,250,436.59,Buy
10/30/2024,15:03:10,MSFT,250,436.78,Sell
10/30/2024,15:04:11,META,250,599.00,Buy
10/30/2024,15:05:11,META,250,599.06,Buy
10/30/2024,15:05:11,GOOG,250,180.73,Sell
10/30/2024,15:17:11,MSFT,250,436.32,Buy
10/30/2024,15:18:11,MSFT,250,436.54,Buy
10/30/2024,15:34:09,META,250,598.64,Sell
10/30/2024,15:35:11,META,250,598.34,Sell
10/30/2024,15:36:11,META,250,598.33,Sell
10/30/2024,15:49:09,META,250,599.71,Buy
10/30/2024,15:50:11,META,250,599.90,Buy
10/30/2024,15:51:11,META,250,600.49,Sell
10/30/2024,15:51:11,META,250,600.28,Buy
10/30/2024,15:52:11,META,250,600.20,Sell
10/30/2024,15:53:11,META,250,600.36,Sell
10/30/2024,16:06:11,META,250,599.89,Buy
10/30/2024,16:07:02,META,250,599.60,Buy
10/30/2024,16:08:11,META,250,599.90,Buy
10/30/2024,17:43:11,MSFT,250,435.45,Sell
10/30/2024,17:58:11,MSFT,250,434.39,Buy
10/30/2024,18:09:11,AAPL,250,230.91,Sell
10/30/2024,18:10:11,AAPL,250,230.84,Sell
10/30/2024,18:12:11,AAPL,250,230.86,Sell
10/30/2024,18:24:11,AAPL,250,230.78,Buy
10/30/2024,18:25:11,AAPL,250,230.58,Buy
10/30/2024,18:27:11,AAPL,250,230.55,Buy
10/30/2024,18:41:11,META,250,595.16,Sell
10/30/2024,18:42:11,META,250,595.32,Sell
10/30/2024,18:43:11,META,250,596.25,Sell
10/30/2024,18:56:11,META,250,593.99,Buy
10/30/2024,18:57:11,META,250,593.63,Buy
10/30/2024,18:58:11,META,250,593.67,Buy
10/30/2024,19:15:11,META,250,592.50,Sell
10/30/2024,19:28:11,META,250,594.50,Sell
10/30/2024,19:29:11,META,250,594.87,Sell
10/30/2024,19:30:11,META,250,594.56,Buy
10/30/2024,19:31:11,META,250,594.51,Sell
10/30/2024,19:31:11,MSFT,250,434.91,Sell
10/30/2024,19:42:11,MSFT,250,435.08,Sell
10/30/2024,19:43:11,META,250,594.15,Buy
10/30/2024,19:43:11,MSFT,250,434.76,Sell
10/30/2024,19:44:11,META,250,593.39,Buy
10/30/2024,19:46:11,META,250,592.25,Buy
10/30/2024,19:46:11,MSFT,250,434.66,Buy
10/30/2024,19:47:11,MSFT,250,434.81,Sell
10/30/2024,19:51:11,META,250,591.39,Sell
10/30/2024,19:52:11,META,250,592.71,Sell
10/30/2024,19:53:11,META,250,592.81,Sell
10/30/2024,19:53:11,AAPL,250,230.55,Sell
10/30/2024,19:57:11,AAPL,250,229.84,Sell
10/30/2024,19:57:11,MSFT,250,432.63,Buy
10/30/2024,19:58:11,MSFT,250,432.62,Sell
10/30/2024,19:58:11,MSFT,250,432.52,Buy
10/30/2024,19:58:11,AAPL,250,229.82,Sell
10/30/2024,19:59:11,GOOG,250,175.98,Buy
10/30/2024,19:59:11,MSFT,250,432.93,Sell
10/30/2024,20:02:11,MSFT,250,443.00,Buy
10/30/2024,20:06:11,META,250,574.93,Buy
10/30/2024,20:07:11,META,250,582.00,Buy
10/30/2024,20:08:10,AAPL,250,229.90,Buy
10/30/2024,20:08:11,META,250,574.50,Buy
10/30/2024,20:12:09,AAPL,250,229.76,Buy
10/30/2024,20:13:09,AAPL,250,229.75,Buy
10/30/2024,20:13:11,MSFT,250,436.00,Buy
10/30/2024,20:14:11,MSFT,250,437.40,Buy
10/30/2024,20:14:11,GOOG,250,174.65,Sell
10/31/2024,13:30:11,AAPL,250,229.10,Sell
10/31/2024,13:30:11,META,250,583.62,Sell
10/31/2024,13:31:11,AAPL,250,229.18,Sell
10/31/2024,13:31:11,MSFT,250,413.74,Buy
10/31/2024,13:32:11,META,250,581.11,Sell
10/31/2024,13:32:11,GOOG,250,176.77,Sell
10/31/2024,13:33:11,META,250,582.67,Sell
10/31/2024,13:33:11,GOOG,250,175.46,Sell
10/31/2024,13:33:11,AAPL,250,228.66,Sell
10/31/2024,13:34:11,GOOG,250,175.90,Sell
10/31/2024,13:40:11,AMZN,250,189.99,Sell
10/31/2024,13:41:11,AMZN,250,190.05,Sell
10/31/2024,13:42:11,AMZN,250,190.24,Sell
10/31/2024,13:45:11,AAPL,250,229.01,Buy
10/31/2024,13:45:11,META,250,575.50,Buy
10/31/2024,13:46:11,META,250,575.89,Sell
10/31/2024,13:46:11,MSFT,250,410.64,Sell
10/31/2024,13:46:11,AAPL,250,229.04,Buy
10/31/2024,13:47:11,META,250,576.86,Buy
10/31/2024,13:47:11,GOOG,250,177.74,Buy
10/31/2024,13:48:11,META,250,578.14,Buy
10/31/2024,13:48:11,AAPL,250,228.88,Buy
10/31/2024,13:48:11,GOOG,250,177.39,Sell
10/31/2024,13:48:11,GOOG,250,177.36,Buy
10/31/2024,13:49:11,GOOG,250,177.13,Buy
10/31/2024,13:52:11,META,250,575.37,Buy
10/31/2024,13:53:11,META,250,574.82,Buy
10/31/2024,13:55:11,AMZN,250,188.19,Buy
10/31/2024,13:56:11,AMZN,250,188.35,Buy
10/31/2024,13:57:11,AMZN,250,188.42,Buy
10/31/2024,13:59:11,MSFT,250,410.35,Sell
10/31/2024,14:00:11,MSFT,250,410.50,Sell
10/31/2024,14:01:11,MSFT,250,410.92,Sell
10/31/2024,14:01:11,META,250,576.78,Buy
10/31/2024,14:03:11,GOOG,250,176.52,Buy
10/31/2024,14:07:11,META,250,578.00,Sell
10/31/2024,14:08:11,META,250,578.00,Sell
10/31/2024,14:10:11,META,250,577.79,Sell
10/31/2024,14:11:11,META,250,577.62,Sell
10/31/2024,14:12:11,META,250,575.69,Sell
10/31/2024,14:14:11,MSFT,250,410.18,Buy
10/31/2024,14:15:11,MSFT,250,410.20,Sell
10/31/2024,14:15:11,MSFT,250,410.15,Buy
10/31/2024,14:16:11,MSFT,250,409.37,Sell
10/31/2024,14:16:11,MSFT,250,409.25,Buy
10/31/2024,14:17:11,MSFT,250,410.21,Sell
10/31/2024,14:25:11,META,250,577.77,Buy
10/31/2024,14:26:07,META,250,578.12,Sell
10/31/2024,14:26:07,META,250,577.65,Buy
10/31/2024,14:27:11,META,250,577.99,Sell
10/31/2024,14:27:11,META,250,577.64,Buy
10/31/2024,14:28:11,META,250,577.93,Sell
10/31/2024,14:30:11,MSFT,250,407.54,Buy
10/31/2024,14:31:11,MSFT,250,407.88,Sell
10/31/2024,14:31:11,MSFT,250,407.81,Buy
10/31/2024,14:32:11,MSFT,250,407.73,Sell
10/31/2024,14:32:11,MSFT,250,407.62,Buy
10/31/2024,14:33:11,MSFT,250,407.09,Sell
10/31/2024,14:41:11,META,250,576.06,Buy
10/31/2024,14:42:11,META,250,575.64,Buy
10/31/2024,14:43:11,META,250,575.70,Buy
10/31/2024,14:46:11,MSFT,250,407.41,Buy
10/31/2024,14:47:11,MSFT,250,407.21,Sell
10/31/2024,14:47:11,MSFT,250,407.17,Buy
10/31/2024,14:48:11,MSFT,250,406.80,Sell
10/31/2024,14:48:11,MSFT,250,406.73,Buy
10/31/2024,14:49:11,MSFT,250,406.74,Sell
10/31/2024,14:49:11,META,250,573.21,Sell
10/31/2024,14:50:11,META,250,573.58,Sell
10/31/2024,14:51:11,META,250,572.79,Sell
10/31/2024,15:02:11,MSFT,250,408.35,Buy
10/31/2024,15:03:11,MSFT,250,408.50,Sell
10/31/2024,15:03:11,MSFT,250,408.45,Buy
10/31/2024,15:04:10,META,250,571.22,Buy
10/31/2024,15:04:11,MSFT,250,407.61,Sell
10/31/2024,15:04:11,MSFT,250,407.55,Buy
10/31/2024,15:05:11,META,250,571.50,Buy
10/31/2024,15:05:11,MSFT,250,408.04,Sell
10/31/2024,15:06:11,META,250,571.61,Buy
10/31/2024,15:18:11,MSFT,250,406.70,Buy
10/31/2024,15:19:11,MSFT,250,407.01,Sell
10/31/2024,15:19:11,MSFT,250,406.95,Buy
10/31/2024,15:20:11,MSFT,250,407.03,Sell
10/31/2024,15:20:11,MSFT,250,406.96,Buy
10/31/2024,15:21:11,MSFT,250,407.23,Sell
10/31/2024,15:27:11,AMZN,250,187.19,Sell
10/31/2024,15:28:11,AMZN,250,187.06,Sell
10/31/2024,15:30:11,AMZN,250,187.16,Sell
10/31/2024,15:34:11,MSFT,250,407.58,Buy
10/31/2024,15:34:11,META,250,569.61,Sell
10/31/2024,15:35:11,MSFT,250,407.41,Buy
10/31/2024,15:35:11,META,250,569.86,Sell
10/31/2024,15:36:10,META,250,570.38,Sell
10/31/2024,15:36:11,MSFT,250,407.57,Buy
10/31/2024,15:42:11,AMZN,250,186.58,Buy
10/31/2024,15:43:11,AMZN,250,186.55,Buy
10/31/2024,15:45:11,AMZN,250,186.55,Buy
10/31/2024,15:49:11,META,250,566.72,Buy
10/31/2024,15:50:11,META,250,566.50,Buy
10/31/2024,15:51:11,META,250,566.68,Buy
10/31/2024,16:01:11,MSFT,250,408.73,Sell
10/31/2024,16:02:11,MSFT,250,408.37,Sell
10/31/2024,16:03:11,MSFT,250,408.07,Sell
10/31/2024,16:12:11,META,250,568.28,Sell
10/31/2024,16:13:10,META,250,568.20,Sell
10/31/2024,16:14:11,META,250,569.15,Sell
10/31/2024,16:16:10,MSFT,250,408.93,Buy
10/31/2024,16:17:11,MSFT,250,409.00,Sell
10/31/2024,16:17:11,MSFT,250,408.93,Buy
10/31/2024,16:18:11,MSFT,250,409.17,Sell
10/31/2024,16:18:11,MSFT,250,409.10,Buy
10/31/2024,16:18:11,AMZN,250,186.60,Sell
10/31/2024,16:19:11,MSFT,250,409.23,Sell
10/31/2024,16:19:11,AMZN,250,186.68,Sell
10/31/2024,16:20:11,AMZN,250,186.65,Sell
10/31/2024,16:27:11,META,250,567.43,Buy
10/31/2024,16:28:11,META,250,568.86,Buy
10/31/2024,16:29:11,META,250,567.79,Buy
10/31/2024,16:32:11,MSFT,250,408.69,Buy
10/31/2024,16:33:11,AMZN,250,186.42,Buy
10/31/2024,16:33:11,MSFT,250,408.84,Buy
10/31/2024,16:34:11,MSFT,250,408.62,Buy
10/31/2024,16:34:11,AMZN,250,186.55,Sell
10/31/2024,16:34:11,AMZN,250,186.52,Buy
10/31/2024,16:35:11,AMZN,250,186.70,Sell
10/31/2024,16:35:11,AMZN,250,186.67,Buy
10/31/2024,16:36:11,AMZN,250,186.63,Sell
10/31/2024,16:49:10,MSFT,250,410.62,Sell
10/31/2024,16:49:11,AMZN,250,186.34,Buy
10/31/2024,16:50:11,MSFT,250,410.62,Sell
10/31/2024,16:50:11,AMZN,250,186.39,Buy
10/31/2024,16:51:11,AMZN,250,186.40,Buy
10/31/2024,16:51:11,MSFT,250,410.75,Sell
10/31/2024,16:55:11,AMZN,250,186.64,Sell
10/31/2024,16:56:11,AMZN,250,186.58,Sell
10/31/2024,17:03:11,AMZN,250,186.73,Sell
10/31/2024,17:04:10,MSFT,250,409.74,Buy
10/31/2024,17:05:11,MSFT,250,409.70,Buy
10/31/2024,17:06:11,MSFT,250,409.78,Buy
10/31/2024,17:10:11,AMZN,250,186.78,Buy
10/31/2024,17:11:11,AMZN,250,186.62,Buy
10/31/2024,17:15:11,AMZN,250,186.81,Sell
10/31/2024,17:16:11,AMZN,250,186.71,Sell
10/31/2024,17:18:11,AMZN,250,186.70,Buy
10/31/2024,17:20:11,AMZN,250,186.73,Sell
10/31/2024,17:30:11,AMZN,250,186.26,Buy
10/31/2024,17:31:11,AMZN,250,186.23,Buy
10/31/2024,17:32:11,META,250,565.28,Sell
10/31/2024,17:33:11,META,250,565.96,Sell
10/31/2024,17:34:11,META,250,566.00,Sell
10/31/2024,17:35:11,AMZN,250,185.91,Buy
10/31/2024,17:47:11,META,250,564.99,Buy
10/31/2024,17:48:11,META,250,565.18,Buy
10/31/2024,17:49:11,META,250,564.82,Buy
10/31/2024,18:59:11,AMZN,250,185.80,Sell
10/31/2024,19:00:11,AMZN,250,185.77,Sell
10/31/2024,19:01:11,AMZN,250,185.91,Sell
10/31/2024,19:14:11,AMZN,250,186.56,Buy
10/31/2024,19:15:11,AMZN,250,186.60,Sell
10/31/2024,19:15:11,AMZN,250,186.58,Buy
10/31/2024,19:16:11,META,250,567.83,Sell
10/31/2024,19:16:11,AMZN,250,186.54,Sell
10/31/2024,19:16:11,AMZN,250,186.52,Buy
10/31/2024,19:17:11,META,250,567.65,Sell
10/31/2024,19:17:11,AMZN,250,186.59,Sell
10/31/2024,19:19:11,META,250,568.19,Sell
10/31/2024,19:19:11,MSFT,250,410.47,Sell
10/31/2024,19:20:11,MSFT,250,410.54,Sell
10/31/2024,19:21:11,MSFT,250,410.74,Sell
10/31/2024,19:30:11,AMZN,250,186.29,Buy
10/31/2024,19:31:11,META,250,569.22,Buy
10/31/2024,19:31:11,AMZN,250,186.28,Buy
10/31/2024,19:32:11,META,250,569.10,Sell
10/31/2024,19:32:11,META,250,568.81,Buy
10/31/2024,19:32:11,AMZN,250,186.14,Buy
10/31/2024,19:33:11,META,250,569.50,Sell
10/31/2024,19:34:11,META,250,569.00,Buy
10/31/2024,19:34:11,MSFT,250,409.15,Buy
10/31/2024,19:35:11,MSFT,250,409.10,Sell
10/31/2024,19:35:11,MSFT,250,409.04,Buy
10/31/2024,19:35:11,META,250,568.15,Sell
10/31/2024,19:36:11,MSFT,250,409.31,Sell
10/31/2024,19:36:11,MSFT,250,409.22,Buy
10/31/2024,19:37:11,MSFT,250,409.57,Sell
10/31/2024,19:44:11,AMZN,250,186.46,Sell
10/31/2024,19:47:11,META,250,569.36,Buy
10/31/2024,19:48:11,META,250,569.88,Sell
10/31/2024,19:48:11,META,250,569.65,Buy
10/31/2024,19:48:11,AMZN,250,186.48,Sell
10/31/2024,19:49:11,META,250,570.98,Sell
10/31/2024,19:49:11,AMZN,250,186.65,Sell
10/31/2024,19:50:11,MSFT,250,410.93,Buy
10/31/2024,19:50:11,META,250,570.34,Buy
10/31/2024,19:51:11,META,250,570.41,Sell
10/31/2024,19:51:11,MSFT,250,410.60,Sell
10/31/2024,19:51:11,MSFT,250,410.53,Buy
10/31/2024,19:52:11,MSFT,250,410.26,Sell
10/31/2024,19:52:11,MSFT,250,410.18,Buy
10/31/2024,19:53:11,MSFT,250,409.75,Sell
10/31/2024,19:59:11,AMZN,250,186.28,Buy
10/31/2024,20:03:10,META,250,566.51,Buy
10/31/2024,20:03:11,AMZN,250,196.83,Buy
10/31/2024,20:04:10,META,250,565.02,Buy
10/31/2024,20:04:11,AMZN,250,198.25,Buy
10/31/2024,20:06:11,META,250,565.55,Buy
10/31/2024,20:06:11,MSFT,250,406.75,Buy
10/31/2024,20:07:04,MSFT,250,406.75,Buy
10/31/2024,20:08:09,MSFT,250,407.08,Buy
11/01/2024,13:30:11,MSFT,250,408.90,Buy
11/01/2024,13:33:11,AMZN,250,199.95,Sell
11/01/2024,13:34:11,AMZN,250,199.96,Sell
11/01/2024,13:35:11,AMZN,250,199.54,Sell
11/01/2024,13:40:11,AAPL,250,223.63,Sell
11/01/2024,13:41:11,AAPL,250,223.00,Sell
11/01/2024,13:42:11,AAPL,250,223.22,Sell
11/01/2024,13:45:11,MSFT,250,411.29,Sell
11/01/2024,13:46:08,META,250,564.51,Buy
11/01/2024,13:48:11,AMZN,250,199.14,Buy
11/01/2024,13:49:11,AMZN,250,199.36,Buy
11/01/2024,13:50:11,AMZN,250,199.20,Buy
11/01/2024,13:52:11,AMZN,250,199.43,Sell
11/01/2024,13:53:11,AMZN,250,199.55,Sell
11/01/2024,13:55:11,AAPL,250,222.96,Buy
11/01/2024,13:56:11,AAPL,250,222.99,Buy
11/01/2024,13:57:11,AAPL,250,222.99,Buy
11/01/2024,14:01:10,META,250,566.12,Sell
11/01/2024,14:03:11,AAPL,250,224.70,Sell
11/01/2024,14:07:11,AMZN,250,198.38,Buy
11/01/2024,14:08:11,AAPL,250,225.15,Sell
11/01/2024,14:08:11,AMZN,250,198.27,Buy
11/01/2024,14:11:11,AAPL,250,224.74,Sell
11/01/2024,14:18:11,AAPL,250,224.41,Buy
11/01/2024,14:23:11,AAPL,250,224.74,Buy
11/01/2024,14:26:11,AMZN,250,199.43,Sell
11/01/2024,14:26:11,AAPL,250,224.49,Buy
11/01/2024,14:27:11,AMZN,250,199.58,Sell
11/01/2024,14:31:11,AMZN,250,199.85,Sell
11/01/2024,14:41:11,AMZN,250,199.59,Buy
11/01/2024,14:42:11,AMZN,250,199.65,Buy
11/01/2024,14:46:11,AMZN,250,199.25,Buy
11/01/2024,15:03:11,AMZN,250,199.87,Sell
11/01/2024,15:18:11,AMZN,250,199.59,Buy
11/01/2024,15:28:11,AMZN,250,200.00,Sell
11/01/2024,15:29:11,AMZN,250,199.98,Sell
11/01/2024,15:43:11,AMZN,250,199.67,Buy
11/01/2024,15:44:11,AMZN,250,199.82,Buy
11/01/2024,16:05:11,AMZN,250,199.67,Sell
11/01/2024,16:15:10,META,250,571.40,Sell
11/01/2024,16:20:11,AMZN,250,199.26,Buy
11/01/2024,16:30:11,META,250,570.89,Buy
11/01/2024,18:29:11,AMZN,250,198.40,Sell
11/01/2024,18:44:11,AMZN,250,197.81,Buy
11/01/2024,19:15:11,AMZN,250,198.62,Sell
11/01/2024,19:30:11,AMZN,250,197.88,Buy
11/01/2024,19:47:11,AMZN,250,198.30,Sell
11/01/2024,20:02:02,AMZN,250,197.85,Buy
11/04/2024,14:32:11,META,250,558.99,Sell
11/04/2024,14:32:11,AMZN,250,196.14,Sell
11/04/2024,14:32:11,AAPL,250,221.33,Sell
11/04/2024,14:33:11,AMZN,250,195.93,Sell
11/04/2024,14:34:11,AMZN,250,195.89,Sell
11/04/2024,14:39:11,GOOG,250,169.72,Buy
11/04/2024,14:40:11,GOOG,250,169.63,Buy
11/04/2024,14:43:11,MSFT,250,408.52,Sell
11/04/2024,14:44:11,MSFT,250,409.09,Sell
11/04/2024,14:45:11,META,250,562.91,Sell
11/04/2024,14:45:11,MSFT,250,408.90,Sell
11/04/2024,14:46:11,META,250,564.03,Sell
11/04/2024,14:47:11,META,250,563.23,Buy
11/04/2024,14:47:11,AMZN,250,197.04,Buy
11/04/2024,14:47:11,AAPL,250,221.28,Buy
11/04/2024,14:48:11,META,250,563.69,Sell
11/04/2024,14:48:11,AMZN,250,196.69,Buy
11/04/2024,14:49:11,AMZN,250,196.41,Buy
11/04/2024,14:54:11,GOOG,250,170.27,Sell
11/04/2024,14:55:11,GOOG,250,170.22,Sell
11/04/2024,14:58:11,MSFT,250,408.89,Buy
11/04/2024,14:59:11,MSFT,250,408.97,Buy
11/04/2024,15:00:11,MSFT,250,409.51,Buy
11/04/2024,15:00:11,META,250,563.18,Buy
11/04/2024,15:01:11,META,250,562.80,Sell
11/04/2024,15:01:11,META,250,562.44,Buy
11/04/2024,15:02:10,META,250,563.24,Sell
11/04/2024,15:03:11,META,250,562.90,Buy
11/04/2024,15:04:11,META,250,563.50,Sell
11/04/2024,15:16:11,META,250,564.68,Buy
11/04/2024,15:17:11,META,250,564.44,Buy
11/04/2024,15:19:11,META,250,564.67,Buy
11/04/2024,15:22:10,META,250,565.18,Sell
11/04/2024,15:23:11,META,250,565.67,Sell
11/04/2024,15:24:10,META,250,566.32,Sell
11/04/2024,15:37:11,META,250,565.15,Buy
11/04/2024,15:38:11,META,250,565.41,Sell
11/04/2024,15:38:11,META,250,565.16,Buy
11/04/2024,15:39:11,META,250,565.30,Buy
11/04/2024,15:42:11,META,250,565.94,Sell
11/04/2024,15:43:11,META,250,565.93,Sell
11/04/2024,15:53:09,META,250,567.60,Buy
11/04/2024,15:57:11,META,250,567.42,Buy
11/04/2024,15:58:09,META,250,567.42,Buy
11/04/2024,17:00:11,MSFT,250,406.79,Sell
11/04/2024,17:01:11,MSFT,250,406.87,Sell
11/04/2024,17:02:11,MSFT,250,406.91,Sell
11/04/2024,17:15:11,MSFT,250,406.56,Buy
11/04/2024,17:16:11,MSFT,250,406.66,Sell
11/04/2024,17:16:11,MSFT,250,406.63,Buy
11/04/2024,17:17:11,MSFT,250,406.69,Buy
11/04/2024,17:25:09,META,250,562.12,Sell
11/04/2024,17:26:11,META,250,562.25,Sell
11/04/2024,17:28:11,META,250,562.23,Sell
11/04/2024,17:31:11,MSFT,250,407.16,Buy
11/04/2024,17:40:02,META,250,562.22,Buy
11/04/2024,17:41:11,META,250,562.49,Buy
11/04/2024,17:43:10,META,250,562.66,Buy
11/04/2024,20:57:11,META,250,560.48,Sell
11/04/2024,20:58:11,META,250,560.54,Sell
11/04/2024,20:59:11,META,250,560.70,Sell
11/04/2024,21:11:19,META,250,560.68,Buy
11/04/2024,21:13:01,META,250,560.68,Buy
11/04/2024,21:13:25,META,250,561.00,Buy
11/05/2024,14:30:11,MSFT,250,409.85,Buy
11/05/2024,14:32:11,AAPL,250,223.41,Sell
11/05/2024,14:33:11,AAPL,250,222.70,Sell
11/05/2024,14:34:11,AAPL,250,222.79,Sell
11/05/2024,14:43:11,META,250,569.17,Buy
11/05/2024,14:45:11,MSFT,250,412.17,Sell
11/05/2024,14:45:11,META,250,568.99,Buy
11/05/2024,14:47:10,META,250,568.46,Buy
11/05/2024,14:47:11,AAPL,250,222.14,Buy
11/05/2024,14:48:11,AAPL,250,222.21,Buy
11/05/2024,14:49:11,AAPL,250,222.61,Buy
11/05/2024,14:58:09,META,250,569.27,Sell
11/05/2024,15:00:11,META,250,570.66,Sell
11/05/2024,15:02:11,META,250,570.77,Sell
11/05/2024,15:50:11,MSFT,250,412.78,Sell
11/05/2024,15:52:11,MSFT,250,412.29,Sell
11/05/2024,16:05:11,MSFT,250,411.82,Buy
11/05/2024,16:07:11,MSFT,250,412.18,Buy
11/05/2024,18:45:11,MSFT,250,411.79,Sell
11/05/2024,18:46:11,MSFT,250,411.82,Sell
11/05/2024,18:47:11,MSFT,250,412.06,Sell
11/05/2024,19:00:09,MSFT,250,411.71,Buy
11/05/2024,19:01:11,MSFT,250,411.61,Buy
11/05/2024,19:02:11,MSFT,250,411.83,Buy
11/05/2024,19:27:11,MSFT,250,411.45,Sell
11/05/2024,19:37:11,MSFT,250,411.88,Sell
11/05/2024,19:38:11,MSFT,250,412.05,Sell
11/05/2024,19:42:10,MSFT,250,412.26,Buy
11/05/2024,19:52:10,META,250,569.17,Buy
11/05/2024,19:52:11,MSFT,250,411.69,Buy
11/05/2024,19:53:09,META,250,569.21,Buy
11/05/2024,19:53:11,MSFT,250,411.69,Buy
11/05/2024,19:54:02,META,250,569.23,Buy
11/05/2024,20:07:01,META,250,570.07,Sell
11/05/2024,20:08:08,META,250,570.15,Sell
11/05/2024,20:09:11,META,250,570.39,Sell
11/06/2024,14:30:11,MSFT,250,412.05,Buy
11/06/2024,14:30:11,GOOG,250,175.34,Buy
11/06/2024,14:31:11,GOOG,250,176.11,Buy
11/06/2024,14:31:11,MSFT,250,413.54,Buy
11/06/2024,14:32:11,MSFT,250,410.90,Buy
11/06/2024,14:32:11,AMZN,250,199.82,Buy
11/06/2024,14:43:11,META,250,563.12,Sell
11/06/2024,14:44:11,META,250,563.57,Sell
11/06/2024,14:45:11,META,250,563.48,Sell
11/06/2024,14:45:11,MSFT,250,416.44,Sell
11/06/2024,14:45:11,GOOG,250,176.76,Sell
11/06/2024,14:46:11,GOOG,250,176.61,Sell
11/06/2024,14:46:11,MSFT,250,416.45,Sell
11/06/2024,14:47:11,AMZN,250,200.39,Sell
11/06/2024,14:47:11,MSFT,250,416.83,Sell
11/06/2024,14:58:11,META,250,562.33,Buy
11/06/2024,14:59:10,META,250,563.31,Sell
11/06/2024,14:59:10,META,250,562.83,Buy
11/06/2024,15:00:11,META,250,562.69,Sell
11/06/2024,15:00:11,META,250,562.35,Buy
11/06/2024,15:01:11,META,250,563.50,Sell
11/06/2024,15:14:11,META,250,562.04,Buy
11/06/2024,15:15:11,META,250,563.00,Buy
11/06/2024,15:16:11,META,250,562.90,Buy
11/06/2024,15:19:11,META,250,564.86,Sell
11/06/2024,15:20:11,META,250,564.86,Sell
11/06/2024,15:21:11,META,250,564.99,Sell
11/06/2024,15:34:11,META,250,571.43,Buy
11/06/2024,15:35:11,META,250,571.90,Sell
11/06/2024,15:35:11,META,250,571.66,Buy
11/06/2024,15:36:11,META,250,572.49,Sell
11/06/2024,15:36:11,META,250,571.93,Buy
11/06/2024,15:38:11,META,250,570.91,Sell
11/06/2024,15:49:11,AMZN,250,204.34,Buy
11/06/2024,15:50:11,META,250,568.12,Buy
11/06/2024,15:51:11,META,250,566.80,Buy
11/06/2024,15:53:11,META,250,566.95,Buy
11/06/2024,16:04:11,AMZN,250,203.81,Sell
11/06/2024,16:05:11,META,250,564.60,Sell
11/06/2024,16:06:10,META,250,565.27,Sell
11/06/2024,16:07:11,META,250,565.12,Sell
11/06/2024,16:20:10,META,250,566.68,Buy
11/06/2024,16:21:11,META,250,566.14,Buy
11/06/2024,16:22:11,META,250,566.37,Buy
11/06/2024,20:13:11,META,250,567.89,Buy
11/06/2024,20:14:11,META,250,568.16,Buy
11/06/2024,20:15:11,META,250,568.33,Buy
11/06/2024,20:28:11,META,250,569.39,Sell
11/06/2024,20:29:11,META,250,569.15,Sell
11/06/2024,20:30:10,META,250,569.23,Sell
11/06/2024,20:55:11,META,250,571.65,Sell
11/06/2024,20:56:11,META,250,571.84,Sell
11/06/2024,20:56:11,AMZN,250,207.17,Buy
11/06/2024,20:57:11,AMZN,250,207.17,Buy
11/06/2024,20:57:11,META,250,571.77,Sell
11/06/2024,20:58:11,AMZN,250,206.98,Buy
11/06/2024,21:10:11,META,250,570.70,Buy
11/06/2024,21:11:06,META,250,570.31,Buy
11/06/2024,21:11:08,AMZN,250,206.70,Sell
11/06/2024,21:12:07,META,250,570.31,Buy
11/06/2024,21:12:11,AMZN,250,206.66,Sell
11/06/2024,21:13:09,AMZN,250,206.56,Sell
11/07/2024,14:30:11,GOOG,250,179.32,Buy
11/07/2024,14:31:11,GOOG,250,179.52,Buy
11/07/2024,14:32:11,GOOG,250,179.73,Buy
11/07/2024,14:33:11,MSFT,250,420.87,Buy
11/07/2024,14:35:11,MSFT,250,420.59,Buy
11/07/2024,14:36:11,MSFT,250,420.82,Buy
11/07/2024,14:45:11,GOOG,250,179.84,Sell
11/07/2024,14:46:10,GOOG,250,179.87,Sell
11/07/2024,14:47:11,GOOG,250,179.75,Sell
11/07/2024,14:48:10,MSFT,250,421.79,Sell
11/07/2024,14:49:11,META,250,583.52,Buy
11/07/2024,14:50:11,META,250,583.94,Buy
11/07/2024,14:50:11,MSFT,250,421.30,Sell
11/07/2024,14:51:11,META,250,584.31,Buy
11/07/2024,14:51:11,MSFT,250,420.97,Sell
11/07/2024,15:04:11,META,250,585.98,Sell
11/07/2024,15:05:11,META,250,586.51,Sell
11/07/2024,15:06:11,META,250,587.18,Sell
11/07/2024,19:17:11,MSFT,250,425.72,Sell
11/07/2024,19:32:11,MSFT,250,425.48,Buy
11/08/2024,14:32:11,MSFT,250,425.14,Sell
11/08/2024,14:33:11,META,250,591.49,Sell
11/08/2024,14:33:11,MSFT,250,426.09,Sell
11/08/2024,14:34:11,AMZN,250,209.50,Sell
11/08/2024,14:34:11,META,250,592.00,Sell
11/08/2024,14:35:11,AMZN,250,209.45,Sell
11/08/2024,14:36:10,GOOG,250,181.29,Sell
11/08/2024,14:36:11,AMZN,250,209.52,Sell
11/08/2024,14:36:11,MSFT,250,425.44,Sell
11/08/2024,14:39:10,META,250,592.11,Sell
11/08/2024,14:47:11,MSFT,250,424.82,Buy
11/08/2024,14:48:11,META,250,591.39,Buy
11/08/2024,14:48:11,MSFT,250,425.03,Buy
11/08/2024,14:49:11,META,250,591.11,Buy
11/08/2024,14:49:11,AMZN,250,209.21,Buy
11/08/2024,14:50:11,AMZN,250,209.25,Buy
11/08/2024,14:51:11,MSFT,250,425.81,Sell
11/08/2024,14:51:11,MSFT,250,425.76,Buy
11/08/2024,14:51:11,AMZN,250,209.65,Buy
11/08/2024,14:51:11,GOOG,250,181.23,Buy
11/08/2024,14:54:11,META,250,589.68,Buy
11/08/2024,14:56:11,MSFT,250,425.80,Sell
11/08/2024,15:06:11,MSFT,250,425.10,Buy
11/08/2024,15:11:11,MSFT,250,424.66,Buy
11/08/2024,15:20:10,META,250,587.50,Sell
11/08/2024,15:21:08,META,250,587.45,Sell
11/08/2024,15:22:11,META,250,587.49,Sell
11/08/2024,15:35:11,META,250,586.31,Buy
11/08/2024,15:36:10,META,250,586.10,Buy
11/08/2024,15:37:11,META,250,585.71,Buy
11/08/2024,15:48:11,META,250,587.09,Sell
11/08/2024,15:49:08,META,250,586.95,Sell
11/08/2024,15:50:11,META,250,587.12,Sell
11/08/2024,16:03:11,META,250,585.50,Buy
11/08/2024,16:04:11,META,250,585.11,Buy
11/08/2024,16:05:11,META,250,585.22,Buy
11/08/2024,16:15:11,META,250,586.72,Sell
11/08/2024,16:16:11,META,250,586.63,Sell
11/08/2024,16:17:11,META,250,587.00,Sell
11/08/2024,16:30:09,META,250,586.92,Buy
11/08/2024,16:31:09,META,250,587.15,Buy
11/08/2024,16:32:10,META,250,587.10,Buy
11/11/2024,14:32:11,MSFT,250,423.65,Sell
11/11/2024,14:34:11,MSFT,250,424.00,Sell
11/11/2024,14:35:11,MSFT,250,424.01,Sell
11/11/2024,14:47:11,MSFT,250,422.88,Buy
11/11/2024,14:49:11,MSFT,250,422.69,Buy
11/11/2024,14:50:11,MSFT,250,422.26,Buy
11/11/2024,15:10:11,META,250,578.87,Sell
11/11/2024,15:11:11,META,250,579.66,Sell
11/11/2024,15:12:11,META,250,579.00,Sell
11/11/2024,15:25:11,META,250,578.92,Buy
11/11/2024,15:26:11,META,250,579.14,Sell
11/11/2024,15:26:11,META,250,578.92,Buy
11/11/2024,15:27:11,META,250,578.57,Buy
11/11/2024,15:41:11,META,250,580.95,Buy
11/11/2024,15:49:11,META,250,581.48,Sell
11/11/2024,15:49:11,MSFT,250,420.25,Sell
11/11/2024,15:50:10,META,250,581.56,Sell
11/11/2024,15:50:11,MSFT,250,420.27,Sell
11/11/2024,15:52:11,META,250,582.49,Sell
11/11/2024,16:04:11,MSFT,250,419.17,Buy
11/11/2024,16:04:11,META,250,582.04,Buy
11/11/2024,16:05:11,META,250,581.75,Buy
11/11/2024,16:05:11,MSFT,250,418.90,Buy
11/11/2024,16:07:10,META,250,581.01,Buy
11/11/2024,16:36:11,MSFT,250,417.85,Sell
11/11/2024,16:37:11,MSFT,250,417.91,Sell
11/11/2024,16:38:11,MSFT,250,418.27,Sell
11/11/2024,16:51:11,MSFT,250,418.34,Buy
11/11/2024,16:52:11,MSFT,250,418.29,Buy
11/11/2024,16:53:10,MSFT,250,418.39,Buy
11/11/2024,16:53:11,META,250,582.12,Buy
11/11/2024,17:06:11,META,250,582.46,Buy
11/11/2024,17:07:11,META,250,582.38,Buy
11/11/2024,17:08:11,META,250,582.80,Sell
11/11/2024,17:09:10,META,250,582.66,Buy
11/11/2024,17:21:10,META,250,581.69,Sell
11/11/2024,17:22:07,META,250,581.65,Sell
11/11/2024,17:24:09,META,250,581.81,Sell
11/11/2024,18:16:11,MSFT,250,417.66,Sell
11/11/2024,18:17:11,MSFT,250,417.84,Sell
11/11/2024,18:18:11,MSFT,250,417.88,Sell
11/11/2024,18:31:11,MSFT,250,418.69,Buy
11/11/2024,18:32:10,MSFT,250,418.80,Buy
11/11/2024,18:33:11,MSFT,250,418.85,Buy
11/11/2024,19:20:08,META,250,584.65,Sell
11/11/2024,19:21:11,META,250,584.48,Sell
11/11/2024,19:22:11,META,250,584.55,Sell
11/11/2024,19:35:11,META,250,583.60,Buy
11/11/2024,19:36:07,META,250,583.20,Buy
11/11/2024,19:37:04,META,250,583.22,Buy
11/11/2024,20:57:11,MSFT,250,417.48,Sell
11/11/2024,21:11:59,MSFT,250,418.20,Buy
11/12/2024,14:33:11,MSFT,250,417.97,Buy
11/12/2024,14:48:11,MSFT,250,419.93,Sell
11/12/2024,14:50:11,GOOG,250,183.11,Sell
11/12/2024,15:05:11,GOOG,250,182.58,Buy
11/12/2024,15:51:11,META,250,586.06,Sell
11/12/2024,15:55:11,META,250,582.99,Sell
11/12/2024,15:57:11,META,250,582.54,Sell
11/12/2024,16:06:11,META,250,584.88,Buy
11/12/2024,16:07:11,META,250,585.75,Sell
11/12/2024,16:10:10,META,250,584.70,Buy
11/12/2024,16:12:10,META,250,584.39,Buy
11/12/2024,16:22:10,META,250,583.97,Buy
11/13/2024,14:30:11,META,250,582.33,Buy
11/13/2024,14:45:11,META,250,580.14,Sell
11/13/2024,15:06:11,META,250,578.66,Sell
11/13/2024,15:07:11,META,250,577.81,Sell
11/13/2024,15:08:07,META,250,578.13,Sell
11/13/2024,15:21:07,META,250,579.87,Buy
11/13/2024,15:22:10,META,250,579.69,Buy
11/13/2024,15:23:09,META,250,579.35,Buy
11/13/2024,15:29:11,META,250,580.78,Sell
11/13/2024,15:30:11,META,250,580.68,Sell
11/13/2024,15:31:10,META,250,580.66,Sell
11/13/2024,15:44:10,META,250,581.60,Buy
11/13/2024,15:45:11,META,250,581.51,Buy
11/13/2024,15:46:11,META,250,581.42,Buy
11/13/2024,16:37:11,MSFT,250,423.10,Sell
11/13/2024,16:38:11,MSFT,250,422.95,Sell
11/13/2024,16:39:11,MSFT,250,423.02,Sell
11/13/2024,16:41:10,META,250,580.17,Buy
11/13/2024,16:52:11,MSFT,250,425.04,Buy
11/13/2024,16:53:11,MSFT,250,425.02,Buy
11/13/2024,16:54:11,MSFT,250,425.23,Buy
11/13/2024,16:56:11,META,250,581.98,Sell
11/13/2024,16:59:11,MSFT,250,425.00,Sell
11/13/2024,17:00:11,MSFT,250,424.73,Sell
11/13/2024,17:14:11,MSFT,250,426.03,Buy
11/13/2024,17:15:11,MSFT,250,426.19,Buy
11/13/2024,17:17:11,MSFT,250,426.84,Sell
11/13/2024,17:32:11,MSFT,250,427.11,Buy
11/13/2024,20:59:11,META,250,580.49,Sell
11/13/2024,21:14:11,META,250,579.25,Buy
11/14/2024,14:30:11,MSFT,250,425.29,Sell
11/14/2024,14:31:11,MSFT,250,426.60,Sell
11/14/2024,14:32:11,MSFT,250,427.04,Sell
11/14/2024,14:32:11,AMZN,250,215.12,Sell
11/14/2024,14:33:11,AMZN,250,215.04,Sell
11/14/2024,14:34:11,AMZN,250,215.50,Sell
11/14/2024,14:41:11,GOOG,250,179.21,Sell
11/14/2024,14:42:11,GOOG,250,179.05,Sell
11/14/2024,14:43:11,GOOG,250,178.95,Sell
11/14/2024,14:45:11,MSFT,250,425.88,Buy
11/14/2024,14:46:10,MSFT,250,425.85,Buy
11/14/2024,14:47:11,AMZN,250,213.03,Buy
11/14/2024,14:47:11,MSFT,250,426.32,Buy
11/14/2024,14:48:11,AMZN,250,212.96,Buy
11/14/2024,14:49:11,AMZN,250,212.66,Buy
11/14/2024,14:56:11,MSFT,250,426.38,Sell
11/14/2024,14:56:11,GOOG,250,178.52,Buy
11/14/2024,14:57:11,GOOG,250,178.48,Sell
11/14/2024,14:57:11,GOOG,250,178.45,Buy
11/14/2024,14:58:11,GOOG,250,178.43,Sell
11/14/2024,14:58:11,GOOG,250,178.40,Buy
11/14/2024,14:59:11,GOOG,250,178.21,Sell
11/14/2024,15:11:11,MSFT,250,425.12,Buy
11/14/2024,15:12:11,GOOG,250,178.59,Buy
11/14/2024,15:13:11,MSFT,250,425.72,Sell
11/14/2024,15:13:11,GOOG,250,178.62,Buy
11/14/2024,15:14:11,MSFT,250,426.40,Sell
11/14/2024,15:14:11,GOOG,250,178.66,Buy
11/14/2024,15:15:11,MSFT,250,426.02,Sell
11/14/2024,15:15:11,GOOG,250,178.69,Sell
11/14/2024,15:28:10,MSFT,250,425.27,Buy
11/14/2024,15:29:11,MSFT,250,425.90,Buy
11/14/2024,15:30:11,MSFT,250,425.91,Buy
11/14/2024,15:30:11,GOOG,250,178.16,Buy
11/14/2024,15:31:11,MSFT,250,426.00,Sell
11/14/2024,15:46:07,MSFT,250,426.30,Buy
11/14/2024,16:25:09,MSFT,250,425.96,Sell
11/14/2024,16:26:11,MSFT,250,425.70,Sell
11/14/2024,16:27:11,GOOG,250,176.78,Sell
11/14/2024,16:28:11,GOOG,250,176.74,Sell
11/14/2024,16:29:11,MSFT,250,425.70,Sell
11/14/2024,16:39:11,GOOG,250,176.38,Sell
11/14/2024,16:40:11,MSFT,250,426.66,Buy
11/14/2024,16:41:10,MSFT,250,426.81,Buy
11/14/2024,16:42:11,GOOG,250,176.48,Buy
11/14/2024,16:43:11,GOOG,250,176.54,Buy
11/14/2024,16:44:11,MSFT,250,427.19,Buy
11/14/2024,16:46:11,GOOG,250,176.85,Sell
11/14/2024,16:48:11,GOOG,250,176.37,Sell
11/14/2024,16:54:11,GOOG,250,176.23,Buy
11/14/2024,17:01:11,GOOG,250,176.14,Buy
11/14/2024,17:03:11,GOOG,250,176.17,Buy
11/14/2024,17:59:11,MSFT,250,423.65,Buy
11/14/2024,18:01:11,MSFT,250,423.13,Buy
11/14/2024,18:02:11,MSFT,250,422.77,Buy
11/14/2024,18:14:10,MSFT,250,425.85,Sell
11/14/2024,18:15:11,MSFT,250,426.46,Sell
11/14/2024,18:16:10,MSFT,250,426.01,Sell
11/14/2024,18:17:10,MSFT,250,426.32,Sell
11/14/2024,18:30:10,MSFT,250,426.59,Buy
11/14/2024,19:56:11,GOOG,250,177.26,Sell
11/14/2024,19:57:11,GOOG,250,177.25,Sell
11/14/2024,20:06:11,MSFT,250,426.47,Sell
11/14/2024,20:08:11,MSFT,250,426.67,Sell
11/14/2024,20:09:11,MSFT,250,427.11,Sell
11/14/2024,20:11:11,GOOG,250,177.03,Buy
11/14/2024,20:12:11,GOOG,250,177.06,Buy
11/14/2024,20:18:11,GOOG,250,177.25,Sell
11/14/2024,20:19:11,GOOG,250,177.29,Sell
11/14/2024,20:21:11,MSFT,250,426.52,Buy
11/14/2024,20:22:11,MSFT,250,426.39,Sell
11/14/2024,20:23:11,MSFT,250,426.57,Buy
11/14/2024,20:24:11,MSFT,250,426.77,Sell
11/14/2024,20:24:11,MSFT,250,426.69,Buy
11/14/2024,20:25:11,GOOG,250,177.36,Sell
11/14/2024,20:33:11,GOOG,250,177.37,Buy
11/14/2024,20:34:11,GOOG,250,177.30,Buy
11/14/2024,20:37:11,MSFT,250,426.29,Buy
11/14/2024,20:37:11,GOOG,250,177.44,Sell
11/14/2024,20:38:11,GOOG,250,177.32,Sell
11/14/2024,20:39:11,MSFT,250,426.07,Buy
11/14/2024,20:40:11,GOOG,250,177.20,Buy
11/14/2024,20:41:11,MSFT,250,426.49,Sell
11/14/2024,20:42:11,MSFT,250,426.24,Sell
11/14/2024,20:43:11,MSFT,250,425.96,Sell
11/14/2024,20:52:11,GOOG,250,177.13,Buy
11/14/2024,20:53:11,GOOG,250,177.30,Sell
11/14/2024,20:53:11,GOOG,250,177.29,Buy
11/14/2024,20:53:11,META,250,576.88,Sell
11/14/2024,20:54:11,META,250,577.07,Sell
11/14/2024,20:54:11,GOOG,250,177.43,Sell
11/14/2024,20:55:11,GOOG,250,177.33,Sell
11/14/2024,20:56:10,META,250,576.92,Sell
11/14/2024,20:56:11,MSFT,250,426.69,Buy
11/14/2024,20:57:11,MSFT,250,426.72,Buy
11/14/2024,20:58:11,MSFT,250,426.99,Buy
11/14/2024,21:08:09,GOOG,250,177.33,Buy
11/14/2024,21:08:10,META,250,577.29,Buy
11/14/2024,21:08:45,GOOG,250,177.30,Buy
11/14/2024,21:09:11,META,250,577.21,Buy
11/14/2024,21:10:09,GOOG,250,177.28,Buy
11/14/2024,21:11:03,META,250,576.80,Buy
11/15/2024,14:32:11,META,250,569.47,Sell
11/15/2024,14:32:11,AMZN,250,207.11,Sell
11/15/2024,14:32:11,AAPL,250,226.55,Sell
11/15/2024,14:32:11,MSFT,250,421.95,Sell
11/15/2024,14:33:11,MSFT,250,421.79,Sell
11/15/2024,14:33:11,META,250,568.53,Sell
11/15/2024,14:33:11,AAPL,250,226.50,Sell
11/15/2024,14:33:11,AMZN,250,206.36,Sell
11/15/2024,14:34:11,MSFT,250,421.98,Sell
11/15/2024,14:34:11,META,250,567.55,Sell
11/15/2024,14:34:11,AAPL,250,226.31,Sell
11/15/2024,14:34:11,AMZN,250,206.38,Sell
11/15/2024,14:41:11,GOOG,250,175.50,Sell
11/15/2024,14:42:11,GOOG,250,175.27,Sell
11/15/2024,14:43:11,GOOG,250,175.23,Sell
11/15/2024,14:47:11,META,250,568.24,Buy
11/15/2024,14:47:11,AAPL,250,225.00,Buy
11/15/2024,14:47:11,MSFT,250,419.78,Buy
11/15/2024,14:47:11,AMZN,250,204.99,Buy
11/15/2024,14:48:11,META,250,569.18,Sell
11/15/2024,14:48:11,META,250,568.72,Buy
11/15/2024,14:48:11,AAPL,250,225.07,Buy
11/15/2024,14:48:11,AMZN,250,205.48,Buy
11/15/2024,14:48:11,MSFT,250,420.12,Sell
11/15/2024,14:48:11,MSFT,250,420.00,Buy
11/15/2024,14:49:11,AMZN,250,206.09,Buy
11/15/2024,14:49:11,AAPL,250,225.27,Buy
11/15/2024,14:49:11,META,250,569.52,Sell
11/15/2024,14:49:11,META,250,569.18,Buy
11/15/2024,14:49:11,MSFT,250,420.04,Sell
11/15/2024,14:49:11,MSFT,250,419.96,Buy
11/15/2024,14:50:10,META,250,569.11,Sell
11/15/2024,14:50:11,MSFT,250,420.49,Sell
11/15/2024,14:51:11,AMZN,250,206.39,Sell
11/15/2024,14:52:11,AMZN,250,206.57,Sell
11/15/2024,14:53:11,AMZN,250,206.26,Sell
11/15/2024,14:56:11,GOOG,250,175.31,Buy
11/15/2024,14:57:11,GOOG,250,175.53,Sell
11/15/2024,14:57:11,GOOG,250,175.52,Buy
11/15/2024,14:58:11,GOOG,250,175.40,Sell
11/15/2024,14:58:11,GOOG,250,175.38,Buy
11/15/2024,14:59:11,GOOG,250,175.20,Sell
11/15/2024,15:03:11,MSFT,250,418.56,Buy
11/15/2024,15:03:11,META,250,565.33,Buy
11/15/2024,15:04:10,META,250,566.77,Sell
11/15/2024,15:04:10,META,250,566.41,Buy
11/15/2024,15:04:11,MSFT,250,418.45,Sell
11/15/2024,15:04:11,MSFT,250,418.34,Buy
11/15/2024,15:05:09,META,250,566.50,Sell
11/15/2024,15:05:09,META,250,566.00,Buy
11/15/2024,15:05:11,MSFT,250,418.21,Sell
11/15/2024,15:05:11,MSFT,250,418.14,Buy
11/15/2024,15:06:11,META,250,565.67,Sell
11/15/2024,15:06:11,MSFT,250,418.13,Sell
11/15/2024,15:06:11,AMZN,250,204.85,Buy
11/15/2024,15:07:11,AMZN,250,204.73,Buy
11/15/2024,15:08:11,AMZN,250,204.86,Buy
11/15/2024,15:12:11,GOOG,250,174.89,Buy
11/15/2024,15:13:11,GOOG,250,174.75,Buy
11/15/2024,15:14:11,GOOG,250,174.66,Buy
11/15/2024,15:14:11,AMZN,250,204.85,Sell
11/15/2024,15:15:11,AMZN,250,205.34,Sell
11/15/2024,15:16:11,AMZN,250,205.14,Sell
11/15/2024,15:19:11,META,250,562.40,Buy
11/15/2024,15:19:11,MSFT,250,417.55,Buy
11/15/2024,15:19:11,GOOG,250,174.34,Sell
11/15/2024,15:20:11,META,250,562.74,Buy
11/15/2024,15:20:11,MSFT,250,417.88,Sell
11/15/2024,15:20:11,MSFT,250,417.80,Buy
11/15/2024,15:20:11,GOOG,250,174.45,Sell
11/15/2024,15:21:11,META,250,563.07,Buy
11/15/2024,15:21:11,MSFT,250,417.80,Sell
11/15/2024,15:21:11,MSFT,250,417.72,Buy
11/15/2024,15:21:11,GOOG,250,174.44,Sell
11/15/2024,15:23:11,MSFT,250,417.90,Sell
11/15/2024,15:27:11,META,250,563.70,Sell
11/15/2024,15:28:11,META,250,563.67,Sell
11/15/2024,15:29:11,AMZN,250,204.84,Buy
11/15/2024,15:30:10,AMZN,250,204.76,Sell
11/15/2024,15:30:10,AMZN,250,204.75,Buy
11/15/2024,15:31:11,AMZN,250,204.61,Sell
11/15/2024,15:31:11,AMZN,250,204.60,Buy
11/15/2024,15:32:11,META,250,563.32,Sell
11/15/2024,15:32:11,AMZN,250,204.61,Sell
11/15/2024,15:34:11,GOOG,250,174.14,Buy
11/15/2024,15:35:11,MSFT,250,416.91,Buy
11/15/2024,15:35:11,GOOG,250,173.94,Buy
11/15/2024,15:36:11,MSFT,250,416.84,Sell
11/15/2024,15:36:11,MSFT,250,416.76,Buy
11/15/2024,15:36:11,GOOG,250,173.88,Buy
11/15/2024,15:38:11,MSFT,250,416.91,Buy
11/15/2024,15:39:11,GOOG,250,174.01,Sell
11/15/2024,15:39:11,MSFT,250,417.29,Sell
11/15/2024,15:40:11,MSFT,250,417.17,Sell
11/15/2024,15:41:11,GOOG,250,174.06,Sell
11/15/2024,15:42:11,GOOG,250,173.94,Sell
11/15/2024,15:42:11,META,250,563.02,Buy
11/15/2024,15:43:10,META,250,563.51,Sell
11/15/2024,15:43:10,META,250,563.21,Buy
11/15/2024,15:44:10,META,250,563.87,Sell
11/15/2024,15:45:11,AMZN,250,205.15,Buy
11/15/2024,15:46:11,AMZN,250,205.34,Sell
11/15/2024,15:46:11,AMZN,250,205.32,Buy
11/15/2024,15:47:11,META,250,563.20,Buy
11/15/2024,15:47:11,AMZN,250,205.12,Sell
11/15/2024,15:47:11,AMZN,250,205.08,Buy
11/15/2024,15:48:01,META,250,563.65,Sell
11/15/2024,15:48:11,AMZN,250,205.11,Sell
11/15/2024,15:51:11,MSFT,250,417.81,Buy
11/15/2024,15:52:11,MSFT,250,417.44,Sell
11/15/2024,15:54:11,MSFT,250,416.57,Buy
11/15/2024,15:54:11,GOOG,250,173.55,Buy
11/15/2024,15:55:11,MSFT,250,416.55,Buy
11/15/2024,15:55:11,GOOG,250,173.47,Sell
11/15/2024,15:56:11,GOOG,250,173.38,Buy
11/15/2024,15:57:11,GOOG,250,173.36,Buy
11/15/2024,15:58:11,META,250,563.03,Buy
11/15/2024,15:59:09,META,250,563.18,Buy
11/15/2024,15:59:11,GOOG,250,173.38,Sell
11/15/2024,16:00:11,GOOG,250,173.37,Sell
11/15/2024,16:01:11,AMZN,250,204.64,Buy
11/15/2024,16:02:11,AMZN,250,204.65,Buy
11/15/2024,16:03:10,META,250,563.11,Buy
11/15/2024,16:03:11,AMZN,250,204.82,Sell
11/15/2024,16:03:11,AMZN,250,204.80,Buy
11/15/2024,16:04:11,AMZN,250,204.80,Sell
11/15/2024,16:05:11,AMZN,250,204.80,Sell
11/15/2024,16:07:11,MSFT,250,416.63,Buy
11/15/2024,16:10:11,GOOG,250,173.22,Buy
11/15/2024,16:14:11,GOOG,250,173.05,Buy
11/15/2024,16:15:11,GOOG,250,172.99,Buy
11/15/2024,16:18:11,AMZN,250,204.22,Buy
11/15/2024,16:19:11,AMZN,250,204.10,Buy
11/15/2024,16:20:11,AMZN,250,204.10,Buy
11/15/2024,16:24:11,AMZN,250,204.44,Sell
11/15/2024,16:25:11,AMZN,250,204.64,Sell
11/15/2024,16:26:11,AMZN,250,204.65,Sell
11/15/2024,16:30:11,GOOG,250,173.42,Sell
11/15/2024,16:31:11,GOOG,250,173.54,Sell
11/15/2024,16:32:11,GOOG,250,173.58,Sell
11/15/2024,16:39:11,AMZN,250,203.73,Buy
11/15/2024,16:40:11,AMZN,250,203.74,Buy
11/15/2024,16:41:11,AMZN,250,203.67,Buy
11/15/2024,16:45:11,GOOG,250,173.68,Buy
11/15/2024,16:46:11,GOOG,250,173.79,Sell
11/15/2024,16:46:11,GOOG,250,173.76,Buy
11/15/2024,16:47:11,GOOG,250,173.80,Sell
11/15/2024,16:47:11,GOOG,250,173.78,Buy
11/15/2024,16:48:11,GOOG,250,173.89,Sell
11/15/2024,16:59:11,MSFT,250,414.52,Sell
11/15/2024,17:00:11,MSFT,250,414.86,Sell
11/15/2024,17:01:11,META,250,560.37,Sell
11/15/2024,17:01:11,GOOG,250,173.46,Buy
11/15/2024,17:01:11,MSFT,250,415.00,Sell
11/15/2024,17:02:11,META,250,559.93,Sell
11/15/2024,17:02:11,GOOG,250,173.42,Buy
11/15/2024,17:03:11,GOOG,250,173.31,Buy
11/15/2024,17:04:11,AMZN,250,202.97,Sell
11/15/2024,17:05:11,AMZN,250,202.99,Sell
11/15/2024,17:06:11,AMZN,250,203.11,Sell
11/15/2024,17:14:11,MSFT,250,414.42,Buy
11/15/2024,17:15:11,MSFT,250,414.58,Buy
11/15/2024,17:16:11,META,250,558.76,Buy
11/15/2024,17:16:11,MSFT,250,414.81,Buy
11/15/2024,17:17:11,META,250,558.42,Buy
11/15/2024,17:19:11,AMZN,250,203.65,Buy
11/15/2024,17:19:11,GOOG,250,173.58,Sell
11/15/2024,17:20:11,AMZN,250,203.21,Sell
11/15/2024,17:20:11,AMZN,250,203.20,Buy
11/15/2024,17:21:11,AMZN,250,203.35,Sell
11/15/2024,17:21:11,AMZN,250,203.33,Buy
11/15/2024,17:22:11,AMZN,250,203.64,Sell
11/15/2024,17:28:10,MSFT,250,415.16,Sell
11/15/2024,17:29:11,MSFT,250,415.20,Sell
11/15/2024,17:30:11,MSFT,250,415.17,Sell
11/15/2024,17:34:11,GOOG,250,173.53,Buy
11/15/2024,17:35:11,AMZN,250,203.24,Buy
11/15/2024,17:36:11,AMZN,250,203.05,Buy
11/15/2024,17:37:11,AMZN,250,203.15,Sell
11/15/2024,17:37:11,AMZN,250,203.14,Buy
11/15/2024,17:38:11,AMZN,250,203.44,Sell
11/15/2024,17:39:11,AMZN,250,203.30,Sell
11/15/2024,17:43:11,MSFT,250,414.69,Buy
11/15/2024,17:44:10,MSFT,250,414.79,Buy
11/15/2024,17:45:11,MSFT,250,414.88,Buy
11/15/2024,17:45:11,GOOG,250,173.76,Sell
11/15/2024,17:52:11,AMZN,250,202.96,Buy
11/15/2024,17:53:11,AMZN,250,202.95,Buy
11/15/2024,17:54:11,AMZN,250,202.94,Buy
11/15/2024,17:58:11,AMZN,250,203.00,Sell
11/15/2024,17:59:11,AMZN,250,203.28,Sell
11/15/2024,18:00:11,AMZN,250,203.34,Sell
11/15/2024,18:00:11,GOOG,250,173.45,Buy
11/15/2024,18:01:11,MSFT,250,414.90,Sell
11/15/2024,18:02:11,MSFT,250,414.88,Sell
11/15/2024,18:03:11,MSFT,250,415.25,Sell
11/15/2024,18:13:11,AMZN,250,201.81,Buy
11/15/2024,18:14:11,AMZN,250,202.02,Buy
11/15/2024,18:15:11,AMZN,250,201.74,Buy
11/15/2024,18:16:11,MSFT,250,414.94,Buy
11/15/2024,18:17:11,MSFT,250,414.92,Sell
11/15/2024,18:17:11,MSFT,250,414.85,Buy
11/15/2024,18:18:11,MSFT,250,414.93,Sell
11/15/2024,18:18:11,MSFT,250,414.86,Buy
11/15/2024,18:19:11,MSFT,250,414.82,Sell
11/15/2024,18:19:11,AMZN,250,201.18,Sell
11/15/2024,18:23:11,AMZN,250,201.42,Sell
11/15/2024,18:24:11,AMZN,250,201.18,Sell
11/15/2024,18:32:11,MSFT,250,415.08,Buy
11/15/2024,18:33:11,MSFT,250,414.64,Buy
11/15/2024,18:34:11,AMZN,250,200.49,Buy
11/15/2024,18:34:11,MSFT,250,414.82,Buy
11/15/2024,18:38:11,AMZN,250,200.74,Buy
11/15/2024,18:39:11,AMZN,250,200.94,Sell
11/15/2024,18:39:11,AMZN,250,200.90,Buy
11/15/2024,18:40:11,AMZN,250,200.91,Sell
11/15/2024,18:41:11,AMZN,250,201.23,Sell
11/15/2024,18:54:11,AMZN,250,200.62,Buy
11/15/2024,18:55:11,AMZN,250,200.98,Sell
11/15/2024,18:55:11,AMZN,250,200.96,Buy
11/15/2024,18:56:11,AMZN,250,201.14,Sell
11/15/2024,18:56:11,AMZN,250,201.11,Buy
11/15/2024,18:57:11,AMZN,250,201.08,Sell
11/15/2024,19:07:11,META,250,554.50,Sell
11/15/2024,19:08:11,META,250,554.66,Sell
11/15/2024,19:09:11,META,250,554.92,Sell
11/15/2024,19:10:11,AMZN,250,201.01,Buy
11/15/2024,19:11:11,AMZN,250,201.12,Sell
11/15/2024,19:11:11,AMZN,250,201.09,Buy
11/15/2024,19:12:11,AMZN,250,201.52,Sell
11/15/2024,19:12:11,AMZN,250,201.48,Buy
11/15/2024,19:13:11,AMZN,250,201.60,Sell
11/15/2024,19:22:10,META,250,555.67,Buy
11/15/2024,19:23:11,META,250,555.70,Buy
11/15/2024,19:24:07,META,250,555.65,Buy
11/15/2024,19:26:11,AMZN,250,201.50,Buy
11/15/2024,19:27:11,AMZN,250,201.39,Sell
11/15/2024,19:27:11,AMZN,250,201.36,Buy
11/15/2024,19:28:11,AMZN,250,201.44,Sell
11/15/2024,19:28:11,AMZN,250,201.41,Buy
11/15/2024,19:29:11,AMZN,250,201.07,Sell
11/15/2024,19:42:11,AMZN,250,200.85,Buy
11/15/2024,19:43:11,AMZN,250,201.07,Sell
11/15/2024,19:43:11,AMZN,250,201.05,Buy
11/15/2024,19:44:11,AMZN,250,201.23,Sell
11/15/2024,19:44:11,AMZN,250,201.18,Buy
11/15/2024,19:45:11,AMZN,250,201.27,Sell
11/15/2024,19:48:11,MSFT,250,414.85,Sell
11/15/2024,19:50:11,MSFT,250,414.64,Sell
11/15/2024,19:52:11,GOOG,250,173.66,Sell
11/15/2024,19:56:11,GOOG,250,173.51,Sell
11/15/2024,19:57:11,GOOG,250,173.50,Sell
11/15/2024,19:58:11,AMZN,250,200.45,Buy
11/15/2024,19:59:11,AMZN,250,200.72,Buy
11/15/2024,20:00:11,AMZN,250,200.70,Sell
11/15/2024,20:00:11,AMZN,250,200.67,Buy
11/15/2024,20:01:11,AMZN,250,200.83,Sell
11/15/2024,20:02:11,AMZN,250,200.88,Sell
11/15/2024,20:03:11,MSFT,250,414.32,Buy
11/15/2024,20:05:11,MSFT,250,414.69,Buy
11/15/2024,20:07:10,MSFT,250,414.58,Sell
11/15/2024,20:07:11,GOOG,250,173.75,Buy
11/15/2024,20:09:11,GOOG,250,173.75,Sell
11/15/2024,20:10:11,MSFT,250,414.79,Sell
11/15/2024,20:11:11,MSFT,250,414.79,Sell
11/15/2024,20:11:11,GOOG,250,173.64,Buy
11/15/2024,20:12:11,GOOG,250,173.62,Buy
11/15/2024,20:15:11,AMZN,250,201.67,Buy
11/15/2024,20:16:11,AMZN,250,201.84,Sell
11/15/2024,20:16:11,AMZN,250,201.82,Buy
11/15/2024,20:17:11,AMZN,250,201.90,Sell
11/15/2024,20:17:11,AMZN,250,201.87,Buy
11/15/2024,20:18:11,AMZN,250,201.88,Sell
11/15/2024,20:18:11,GOOG,250,173.78,Sell
11/15/2024,20:19:11,GOOG,250,173.79,Sell
11/15/2024,20:22:11,MSFT,250,414.93,Buy
11/15/2024,20:24:11,GOOG,250,173.78,Buy
11/15/2024,20:25:11,MSFT,250,414.96,Buy
11/15/2024,20:25:11,GOOG,250,173.82,Sell
11/15/2024,20:26:11,MSFT,250,415.15,Buy
11/15/2024,20:31:11,AMZN,250,202.71,Buy
11/15/2024,20:32:11,AMZN,250,202.45,Sell
11/15/2024,20:32:11,AMZN,250,202.43,Buy
11/15/2024,20:33:11,AMZN,250,202.41,Sell
11/15/2024,20:33:11,AMZN,250,202.40,Buy
11/15/2024,20:33:11,GOOG,250,173.82,Buy
11/15/2024,20:34:11,GOOG,250,173.81,Sell
11/15/2024,20:34:11,GOOG,250,173.79,Buy
11/15/2024,20:34:11,AMZN,250,202.49,Sell
11/15/2024,20:35:11,GOOG,250,173.88,Sell
11/15/2024,20:38:11,MSFT,250,414.93,Sell
11/15/2024,20:40:11,GOOG,250,173.64,Buy
11/15/2024,20:45:10,META,250,552.69,Sell
11/15/2024,20:46:11,META,250,552.84,Sell
11/15/2024,20:47:11,META,250,552.73,Sell
11/15/2024,20:47:11,AMZN,250,202.07,Buy
11/15/2024,20:48:11,AMZN,250,202.28,Sell
11/15/2024,20:48:11,AMZN,250,202.25,Buy
11/15/2024,20:49:11,GOOG,250,173.38,Buy
11/15/2024,20:49:11,AMZN,250,202.32,Sell
11/15/2024,20:49:11,AMZN,250,202.31,Buy
11/15/2024,20:50:11,GOOG,250,173.40,Sell
11/15/2024,20:50:11,GOOG,250,173.38,Buy
11/15/2024,20:50:11,AMZN,250,202.44,Sell
11/15/2024,20:51:11,GOOG,250,173.43,Sell
11/15/2024,20:52:11,MSFT,250,414.74,Sell
11/15/2024,20:53:11,MSFT,250,414.92,Sell
11/15/2024,20:53:11,MSFT,250,414.88,Buy
11/15/2024,20:54:11,GOOG,250,173.44,Sell
11/15/2024,20:54:11,MSFT,250,414.88,Sell
11/15/2024,21:00:04,META,250,553.29,Buy
11/15/2024,21:01:09,META,250,552.51,Buy
11/15/2024,21:02:11,META,250,553.64,Buy
11/15/2024,21:03:10,AMZN,250,202.51,Buy
11/15/2024,21:04:09,AMZN,250,202.47,Buy
11/15/2024,21:05:06,GOOG,250,173.91,Buy
11/15/2024,21:05:11,AMZN,250,202.41,Buy
11/15/2024,21:05:57,GOOG,250,173.91,Buy
11/15/2024,21:07:03,MSFT,250,414.83,Buy
11/15/2024,21:08:06,MSFT,250,414.84,Buy
11/15/2024,21:08:22,MSFT,250,414.84,Buy
11/15/2024,21:08:36,GOOG,250,173.85,Buy
11/18/2024,14:30:11,AAPL,250,225.70,Buy
11/18/2024,14:30:11,META,250,555.28,Sell
11/18/2024,14:30:11,AMZN,250,204.14,Sell
11/18/2024,14:31:11,MSFT,250,412.75,Buy
11/18/2024,14:31:11,AMZN,250,204.28,Sell
11/18/2024,14:32:11,AAPL,250,226.56,Buy
11/18/2024,14:45:11,AMZN,250,203.17,Buy
11/18/2024,14:45:11,META,250,552.57,Buy
11/18/2024,14:45:11,AAPL,250,227.06,Sell
11/18/2024,14:46:11,MSFT,250,415.60,Sell
11/18/2024,14:46:11,AMZN,250,203.08,Buy
11/18/2024,14:47:11,AAPL,250,227.05,Sell
11/18/2024,18:02:11,MSFT,250,416.14,Sell
11/18/2024,18:03:11,MSFT,250,416.12,Sell
11/18/2024,18:04:11,MSFT,250,416.29,Sell
11/18/2024,18:17:11,MSFT,250,415.92,Buy
11/18/2024,18:18:11,MSFT,250,415.88,Buy
11/18/2024,18:19:11,MSFT,250,415.94,Buy
11/18/2024,19:06:11,MSFT,250,416.09,Sell
11/18/2024,19:21:11,MSFT,250,415.71,Buy
11/19/2024,14:36:11,MSFT,250,413.41,Sell
11/19/2024,14:37:11,META,250,552.99,Sell
11/19/2024,14:41:11,META,250,554.16,Sell
11/19/2024,14:42:11,META,250,554.50,Sell
11/19/2024,14:43:11,AAPL,250,227.95,Sell
11/19/2024,14:44:11,AAPL,250,228.10,Sell
11/19/2024,14:48:11,AAPL,250,227.73,Sell
11/19/2024,14:51:11,MSFT,250,412.19,Buy
11/19/2024,14:52:11,META,250,552.61,Buy
11/19/2024,14:56:11,META,250,552.78,Buy
11/19/2024,14:57:11,META,250,552.31,Buy
11/19/2024,14:58:11,AAPL,250,228.35,Buy
11/19/2024,14:59:10,AAPL,250,228.44,Buy
11/19/2024,15:03:11,AAPL,250,228.19,Buy
11/20/2024,14:32:11,AAPL,250,229.35,Sell
11/20/2024,14:33:11,AAPL,250,229.85,Sell
11/20/2024,14:34:11,AAPL,250,229.71,Sell
11/20/2024,14:47:11,GOOG,250,177.93,Sell
11/20/2024,14:47:11,AAPL,250,228.43,Buy
11/20/2024,14:48:11,GOOG,250,177.62,Sell
11/20/2024,14:48:11,AAPL,250,228.42,Buy
11/20/2024,14:49:11,GOOG,250,177.53,Sell
11/20/2024,14:49:11,AAPL,250,228.38,Buy
11/20/2024,15:02:11,GOOG,250,177.03,Buy
11/20/2024,15:03:11,GOOG,250,177.03,Sell
11/20/2024,15:03:11,GOOG,250,177.01,Buy
11/20/2024,15:04:11,GOOG,250,177.01,Sell
11/20/2024,15:04:11,GOOG,250,176.99,Buy
11/20/2024,15:05:11,GOOG,250,176.95,Sell
11/20/2024,15:18:11,GOOG,250,175.71,Buy
11/20/2024,15:19:11,GOOG,250,175.60,Sell
11/20/2024,15:19:11,GOOG,250,175.58,Buy
11/20/2024,15:20:11,GOOG,250,175.78,Sell
11/20/2024,15:20:11,GOOG,250,175.77,Buy
11/20/2024,15:21:11,GOOG,250,175.59,Sell
11/20/2024,15:25:11,MSFT,250,411.22,Sell
11/20/2024,15:26:11,MSFT,250,411.48,Sell
11/20/2024,15:27:11,MSFT,250,411.39,Sell
11/20/2024,15:34:11,GOOG,250,175.85,Buy
11/20/2024,15:35:11,GOOG,250,175.77,Sell
11/20/2024,15:35:11,GOOG,250,175.74,Buy
11/20/2024,15:36:11,GOOG,250,175.79,Sell
11/20/2024,15:36:11,GOOG,250,175.76,Buy
11/20/2024,15:37:11,GOOG,250,175.90,Sell
11/20/2024,15:40:11,MSFT,250,412.83,Buy
11/20/2024,15:41:11,MSFT,250,412.65,Sell
11/20/2024,15:41:11,MSFT,250,412.58,Buy
11/20/2024,15:42:11,MSFT,250,412.66,Sell
11/20/2024,15:42:11,MSFT,250,412.57,Buy
11/20/2024,15:43:11,MSFT,250,412.64,Sell
11/20/2024,15:50:11,GOOG,250,176.35,Buy
11/20/2024,15:51:11,GOOG,250,176.26,Buy
11/20/2024,15:52:11,GOOG,250,176.41,Buy
11/20/2024,15:56:11,MSFT,250,412.91,Buy
11/20/2024,15:57:11,MSFT,250,412.92,Buy
11/20/2024,15:58:11,MSFT,250,413.05,Buy
11/20/2024,16:14:11,MSFT,250,412.66,Sell
11/20/2024,16:15:11,MSFT,250,412.71,Sell
11/20/2024,16:16:11,MSFT,250,412.78,Sell
11/20/2024,16:29:10,MSFT,250,413.25,Buy
11/20/2024,16:30:11,MSFT,250,413.23,Buy
11/20/2024,16:31:11,MSFT,250,413.10,Buy
11/20/2024,17:35:09,MSFT,250,414.29,Sell
11/20/2024,17:36:10,MSFT,250,414.43,Sell
11/20/2024,17:37:10,MSFT,250,414.40,Sell
11/20/2024,17:50:11,MSFT,250,414.42,Buy
11/20/2024,17:51:11,MSFT,250,414.42,Buy
11/20/2024,17:52:11,MSFT,250,414.51,Buy
11/20/2024,18:39:11,MSFT,250,413.89,Sell
11/20/2024,18:40:10,MSFT,250,413.76,Sell
11/20/2024,18:41:11,MSFT,250,413.99,Sell
11/20/2024,18:54:10,MSFT,250,413.74,Buy
11/20/2024,18:55:11,MSFT,250,413.90,Buy
11/20/2024,18:56:11,MSFT,250,413.82,Buy
11/20/2024,19:44:11,MSFT,250,413.89,Sell
11/20/2024,19:45:11,MSFT,250,413.81,Sell
11/20/2024,19:59:11,MSFT,250,413.77,Buy
11/20/2024,20:00:11,MSFT,250,413.76,Buy
11/20/2024,20:10:11,MSFT,250,413.61,Sell
11/20/2024,20:11:11,MSFT,250,413.65,Sell
11/20/2024,20:12:11,MSFT,250,413.73,Sell
11/20/2024,20:25:11,MSFT,250,414.30,Buy
11/20/2024,20:26:11,MSFT,250,414.37,Buy
11/20/2024,20:27:11,MSFT,250,414.28,Buy
11/20/2024,20:35:11,META,250,564.22,Sell
11/20/2024,20:36:11,META,250,564.69,Sell
11/20/2024,20:37:11,META,250,564.00,Sell
11/20/2024,20:38:11,MSFT,250,415.58,Sell
11/20/2024,20:39:11,MSFT,250,415.51,Sell
11/20/2024,20:46:11,AAPL,250,228.48,Sell
11/20/2024,20:47:11,AAPL,250,228.47,Sell
11/20/2024,20:50:11,META,250,564.73,Buy
11/20/2024,20:51:11,META,250,565.01,Buy
11/20/2024,20:52:11,META,250,564.34,Buy
11/20/2024,20:52:11,MSFT,250,415.55,Sell
11/20/2024,20:52:11,GOOG,250,177.16,Sell
11/20/2024,20:53:11,MSFT,250,415.60,Buy
11/20/2024,20:53:11,GOOG,250,177.17,Sell
11/20/2024,20:54:11,MSFT,250,415.68,Buy
11/20/2024,20:54:11,GOOG,250,177.21,Sell
11/20/2024,21:01:10,AAPL,250,228.75,Buy
11/20/2024,21:02:04,AAPL,250,228.81,Buy
11/20/2024,21:07:07,GOOG,250,177.35,Buy
11/20/2024,21:07:11,MSFT,250,415.00,Buy
11/20/2024,21:08:10,GOOG,250,177.47,Buy
11/20/2024,21:09:10,GOOG,250,177.51,Buy
11/21/2024,14:33:11,GOOG,250,172.89,Sell
11/21/2024,14:39:11,AMZN,250,200.87,Buy
11/21/2024,14:40:11,AMZN,250,200.92,Buy
11/21/2024,14:42:11,AMZN,250,200.56,Buy
11/21/2024,14:42:11,GOOG,250,169.75,Buy
11/21/2024,14:43:11,GOOG,250,169.60,Buy
11/21/2024,14:48:11,GOOG,250,168.78,Buy
11/21/2024,14:49:11,GOOG,250,168.51,Buy
11/21/2024,14:54:11,AMZN,250,201.50,Sell
11/21/2024,14:55:11,AMZN,250,200.70,Sell
11/21/2024,14:57:11,AMZN,250,200.39,Sell
11/21/2024,14:57:11,GOOG,250,169.43,Sell
11/21/2024,14:58:11,GOOG,250,168.99,Sell
11/21/2024,15:04:11,GOOG,250,168.24,Sell
11/21/2024,15:16:11,MSFT,250,414.29,Sell
11/21/2024,15:17:11,GOOG,250,168.51,Sell
11/21/2024,15:17:11,MSFT,250,413.99,Sell
11/21/2024,15:18:11,MSFT,250,413.88,Sell
11/21/2024,15:18:11,GOOG,250,168.43,Sell
11/21/2024,15:20:11,GOOG,250,168.57,Sell
11/21/2024,15:21:11,META,250,558.94,Sell
11/21/2024,15:22:10,META,250,558.36,Sell
11/21/2024,15:31:11,MSFT,250,411.32,Buy
11/21/2024,15:32:11,MSFT,250,410.70,Buy
11/21/2024,15:32:11,GOOG,250,167.17,Buy
11/21/2024,15:33:11,MSFT,250,410.71,Buy
11/21/2024,15:33:11,GOOG,250,167.24,Buy
11/21/2024,15:35:11,GOOG,250,167.20,Buy
11/21/2024,15:36:11,META,250,551.51,Buy
11/21/2024,15:37:11,META,250,551.41,Buy
11/21/2024,15:46:10,MSFT,250,411.85,Sell
11/21/2024,15:47:11,MSFT,250,412.20,Sell
11/21/2024,15:48:11,MSFT,250,412.31,Sell
11/21/2024,15:57:11,GOOG,250,166.56,Sell
11/21/2024,15:58:11,GOOG,250,166.75,Sell
11/21/2024,15:59:10,META,250,556.24,Sell
11/21/2024,15:59:11,GOOG,250,166.99,Sell
11/21/2024,16:01:10,META,250,558.12,Sell
11/21/2024,16:01:11,MSFT,250,414.35,Buy
11/21/2024,16:02:11,META,250,558.27,Sell
11/21/2024,16:02:11,MSFT,250,413.78,Buy
11/21/2024,16:03:11,MSFT,250,413.87,Buy
11/21/2024,16:08:11,AAPL,250,228.24,Sell
11/21/2024,16:10:11,AAPL,250,228.18,Sell
11/21/2024,16:11:11,AAPL,250,228.40,Sell
11/21/2024,16:12:11,GOOG,250,166.49,Buy
11/21/2024,16:13:10,GOOG,250,166.53,Sell
11/21/2024,16:13:10,GOOG,250,166.52,Buy
11/21/2024,16:14:11,META,250,557.57,Buy
11/21/2024,16:14:11,GOOG,250,166.59,Sell
11/21/2024,16:14:11,GOOG,250,166.58,Buy
11/21/2024,16:15:11,GOOG,250,166.65,Sell
11/21/2024,16:16:11,META,250,558.66,Buy
11/21/2024,16:17:11,META,250,557.65,Buy
11/21/2024,16:23:11,AAPL,250,228.65,Buy
11/21/2024,16:24:11,AAPL,250,228.81,Sell
11/21/2024,16:25:11,AAPL,250,228.88,Buy
11/21/2024,16:26:11,AAPL,250,228.62,Sell
11/21/2024,16:26:11,AAPL,250,228.60,Buy
11/21/2024,16:28:11,GOOG,250,166.19,Buy
11/21/2024,16:29:11,GOOG,250,166.56,Sell
11/21/2024,16:29:11,GOOG,250,166.54,Buy
11/21/2024,16:30:11,GOOG,250,166.59,Sell
11/21/2024,16:30:11,GOOG,250,166.57,Buy
11/21/2024,16:31:11,GOOG,250,166.69,Sell
11/21/2024,16:39:11,AAPL,250,228.80,Buy
11/21/2024,16:41:11,AAPL,250,228.68,Buy
11/21/2024,16:44:11,GOOG,250,165.89,Buy
11/21/2024,16:45:11,GOOG,250,165.93,Buy
11/21/2024,16:46:11,GOOG,250,166.03,Buy
11/21/2024,16:59:11,GOOG,250,165.96,Sell
11/21/2024,17:00:11,GOOG,250,166.17,Sell
11/21/2024,17:01:11,GOOG,250,166.53,Sell
11/21/2024,17:14:11,GOOG,250,166.29,Buy
11/21/2024,17:15:11,GOOG,250,166.54,Buy
11/21/2024,17:15:11,MSFT,250,413.47,Sell
11/21/2024,17:16:10,MSFT,250,413.58,Sell
11/21/2024,17:16:11,GOOG,250,166.70,Buy
11/21/2024,17:17:10,MSFT,250,413.43,Sell
11/21/2024,17:25:11,GOOG,250,167.13,Sell
11/21/2024,17:26:11,GOOG,250,167.21,Sell
11/21/2024,17:27:11,AMZN,250,197.15,Sell
11/21/2024,17:27:11,GOOG,250,167.00,Sell
11/21/2024,17:28:11,AMZN,250,197.43,Sell
11/21/2024,17:29:11,AMZN,250,197.57,Sell
11/21/2024,17:30:11,MSFT,250,414.20,Buy
11/21/2024,17:31:11,MSFT,250,414.30,Buy
11/21/2024,17:32:10,MSFT,250,414.58,Buy
11/21/2024,17:40:11,GOOG,250,167.59,Buy
11/21/2024,17:41:11,GOOG,250,167.80,Sell
11/21/2024,17:41:11,GOOG,250,167.77,Buy
11/21/2024,17:42:11,AMZN,250,198.47,Buy
11/21/2024,17:42:11,GOOG,250,167.86,Sell
11/21/2024,17:42:11,GOOG,250,167.83,Buy
11/21/2024,17:43:11,GOOG,250,167.89,Sell
11/21/2024,17:43:11,AMZN,250,198.48,Buy
11/21/2024,17:44:11,AMZN,250,198.76,Sell
11/21/2024,17:44:11,AMZN,250,198.72,Buy
11/21/2024,17:56:11,AMZN,250,199.50,Sell
11/21/2024,17:56:11,GOOG,250,167.70,Buy
11/21/2024,17:57:11,GOOG,250,167.87,Buy
11/21/2024,17:58:11,GOOG,250,168.00,Buy
11/21/2024,17:59:11,GOOG,250,168.01,Sell
11/21/2024,17:59:11,AMZN,250,199.05,Buy
11/21/2024,18:00:11,GOOG,250,168.10,Sell
11/21/2024,18:01:11,GOOG,250,168.28,Sell
11/21/2024,18:02:11,AMZN,250,199.44,Sell
11/21/2024,18:03:11,AMZN,250,199.47,Sell
11/21/2024,18:11:11,AMZN,250,198.98,Buy
11/21/2024,18:14:11,GOOG,250,168.08,Buy
11/21/2024,18:15:11,GOOG,250,168.02,Buy
11/21/2024,18:16:11,GOOG,250,167.77,Buy
11/21/2024,18:17:11,AMZN,250,198.47,Buy
11/21/2024,18:18:11,AMZN,250,198.46,Buy
11/21/2024,18:19:11,GOOG,250,168.13,Sell
11/21/2024,18:20:11,GOOG,250,168.05,Sell
11/21/2024,18:25:11,GOOG,250,168.00,Sell
11/21/2024,18:34:11,GOOG,250,168.35,Buy
11/21/2024,18:35:09,GOOG,250,168.42,Sell
11/21/2024,18:35:09,GOOG,250,168.41,Buy
11/21/2024,18:36:11,GOOG,250,168.48,Sell
11/21/2024,18:40:11,GOOG,250,167.97,Buy
11/21/2024,18:44:11,GOOG,250,168.01,Sell
11/21/2024,18:50:11,GOOG,250,167.99,Buy
11/21/2024,18:51:11,GOOG,250,167.70,Buy
11/21/2024,18:54:11,GOOG,250,167.94,Sell
11/21/2024,18:55:11,GOOG,250,167.98,Sell
11/21/2024,18:59:11,GOOG,250,167.62,Buy
11/21/2024,19:09:11,GOOG,250,167.17,Buy
11/21/2024,19:10:11,GOOG,250,166.98,Buy
11/21/2024,19:57:11,AMZN,250,198.05,Sell
11/21/2024,19:58:11,AMZN,250,198.04,Sell
11/21/2024,20:04:11,AMZN,250,198.42,Sell
11/21/2024,20:12:11,AMZN,250,198.48,Buy
11/21/2024,20:13:11,AMZN,250,198.47,Sell
11/21/2024,20:13:11,AMZN,250,198.45,Buy
11/21/2024,20:14:11,AMZN,250,198.36,Sell
11/21/2024,20:19:11,AMZN,250,198.74,Buy
11/21/2024,20:20:11,AMZN,250,198.82,Sell
11/21/2024,20:21:11,GOOG,250,168.95,Sell
11/21/2024,20:23:10,META,250,563.99,Sell
11/21/2024,20:24:11,META,250,563.62,Sell
11/21/2024,20:28:11,AMZN,250,198.56,Buy
11/21/2024,20:29:11,AMZN,250,198.67,Buy
11/21/2024,20:30:10,AMZN,250,198.70,Sell
11/21/2024,20:35:11,AMZN,250,198.13,Buy
11/21/2024,20:36:11,GOOG,250,169.00,Buy
11/21/2024,20:38:08,META,250,562.47,Buy
11/21/2024,20:38:11,GOOG,250,169.09,Sell
11/21/2024,20:39:10,META,250,562.25,Buy
11/21/2024,20:39:11,GOOG,250,169.02,Sell
11/21/2024,20:40:11,GOOG,250,169.08,Sell
11/21/2024,20:45:11,AMZN,250,198.26,Sell
11/21/2024,20:45:11,AMZN,250,198.23,Buy
11/21/2024,20:53:11,GOOG,250,169.55,Buy
11/21/2024,20:54:11,GOOG,250,169.51,Sell
11/21/2024,20:54:11,GOOG,250,169.50,Buy
11/21/2024,20:55:11,GOOG,250,169.13,Buy
11/21/2024,21:00:08,AMZN,250,198.51,Buy
11/21/2024,21:08:31,GOOG,250,169.12,Buy
11/22/2024,14:33:11,META,250,561.96,Sell
11/22/2024,14:34:11,META,250,560.30,Sell
11/22/2024,14:43:10,META,250,558.46,Buy
11/22/2024,14:48:08,META,250,558.99,Buy
11/22/2024,14:49:11,META,250,560.13,Buy
11/22/2024,14:58:10,META,250,559.00,Sell
11/22/2024,15:26:11,META,250,559.30,Sell
11/22/2024,15:39:11,MSFT,250,413.16,Sell
11/22/2024,15:40:11,MSFT,250,413.20,Sell
11/22/2024,15:41:11,MSFT,250,413.46,Sell
11/22/2024,15:41:11,META,250,558.76,Buy
11/22/2024,15:54:11,MSFT,250,413.24,Buy
11/22/2024,15:55:10,MSFT,250,413.28,Buy
11/22/2024,15:56:11,MSFT,250,413.05,Buy
11/22/2024,17:53:11,META,250,559.54,Sell
11/22/2024,17:54:10,META,250,559.75,Sell
11/22/2024,17:55:11,META,250,559.91,Sell
11/22/2024,18:08:08,META,250,560.92,Buy
11/22/2024,18:09:11,META,250,561.00,Sell
11/22/2024,18:09:11,META,250,560.78,Buy
11/22/2024,18:10:10,META,250,560.82,Sell
11/22/2024,18:10:10,META,250,560.64,Buy
11/22/2024,18:11:11,META,250,560.65,Sell
11/22/2024,18:24:10,META,250,560.24,Buy
11/22/2024,18:25:11,META,250,559.99,Buy
11/22/2024,18:26:11,META,250,560.12,Buy
11/22/2024,20:51:11,MSFT,250,415.57,Sell
11/22/2024,20:52:11,MSFT,250,415.40,Sell
11/22/2024,20:59:11,MSFT,250,417.17,Sell
11/22/2024,21:06:09,MSFT,250,417.00,Buy
